5367 6425
1403 835 1444 900 te

578 1042 780 1107 sermiaeimia
812 1041 962 1119 exemplis
994 1055 1068 1102 suae
1100 1042 1208 1104 aetatis
1240 1041 1400 1119 bominum
1431 1057 1536 1105 mores
1566 1044 1719 1106 excoleret
1746 1051 1841 1122 atone
1868 1043 2013 1108 meliores
2041 1045 2205 1124 redderet,
2237 1047 2270 1112 id

579 1158 682 1235 ipsum
712 1153 815 1216 denuo
844 1151 1077 1214 Atheniensium
1105 1152 1217 1215 animis
1246 1154 1400 1216 inculcare
1423 1153 1560 1228 videtur,
1590 1169 1657 1216 esse
1686 1170 1791 1217 revera
1820 1154 1923 1218 inmas
1951 1163 2045 1235 atnam
2072 1157 2147 1220 iiras
2168 1156 2270 1240 lagae,

580 1266 694 1346 quiem
709 1273 944 1344 quantacunque
959 1264 998 1326 sit
1012 1264 1043 1324 in
1058 1279 1208 1342 praesens
1222 1280 1327 1327 rerum
1341 1266 1481 1328 omnium
1497 1264 1702 1344 perturbatio,
1726 1271 1852 1345 regatur
1870 1268 1986 1345 ἀγήρως
2008 1282 2125 1344 puteos
2146 1270 2268 1347 :tepea

578 1375 774 1457 Quamquam
797 1384 949 1449 oncrum,
970 1391 1063 1454 quem
1085 1376 1248 1454 increpans
1269 1372 1465 1456 Sublegelius
1486 1376 1657 1455 sophistam
1679 1384 1888 1456 personatum,
1912 1369 2130 1458 Bembardyus
2143 1388 2269 1458 poetam

580 1490 785 1553 ocbloeratiae
805 1504 914 1550 vocare
937 1486 1019 1550 baud
1041 1494 1184 1568 gravatus
1205 1495 1262 1560 est,
1282 1487 1513 1552 aestimatorum
1530 1487 1675 1567 plerique
1690 1487 1790 1566 plebis
1802 1490 1934 1570 gratiam
1950 1489 2116 1552 immodice
2128 1498 2270 1569 captasse

576 1611 671 1682 atque
693 1601 724 1664 id
746 1603 914 1680 praecipue
933 1600 1053 1680 egisse,
1083 1607 1116 1662 ut
1136 1606 1344 1677 specutorum
1367 1601 1487 1662 animos
1509 1611 1605 1678 quiam
1624 1600 1760 1662 manime
1781 1599 1984 1676 percelleret,
2006 1599 2176 1680 dicuntil)
2223 1601 2269 1666 dd
2326 1667 2327 1670 ,

564 1713 711 1778 ⁴ulterram
733 1712 809 1775 illud
831 1713 937 1790 parteis
960 1724 1164 1774 recurramus.
1217 1709 1295 1774 Nam
1316 1712 1343 1772 si
1366 1727 1426 1790 nea
1449 1709 1552 1774 tabula
1576 1710 1762 1788 Euripides,
1779 1710 1836 1774 bac
1858 1719 1962 1774 nostra
1983 1711 2158 1777 couirmni
2179 1703 2270 1792 puta—

556 1812 660 1903 ‘mun
684 1831 817 1902 poetam,
840 1824 979 1901 quamvis
1000 1821 1146 1901 probaret
1167 1822 1318 1901 populare
1339 1822 1515 1899 imperium,
1540 1827 1645 1884 taurea
1663 1809 1845 1884 detestatum
1864 1812 2152 1886 luissc‘eiiaenataau
2169 1825 2270 1902 plebis

578 1936 743 2011 mendam,
766 1951 826 2013 qua
848 1927 973 2014 quidem
990 1934 1068 2013 justi
1090 1934 1259 2012 injustique
1272 1933 1448 1996 discrimina
1466 1934 1679 1996 miscerentur.
1713 1933 1755 1996 Ea
1779 1934 1859 1996 enim
1883 1941 1929 1995 eet
1951 1935 2104 1997 exercitus
2120 1934 2269 2015 cnuditio,
2325 2019 2326 2024 ἵ

580 2056 625 2124 et,
646 2062 742 2127 quum
764 2062 852 2109 secas
874 2046 984 2108 sentiat
1005 2046 1071 2125 ipsc
1094 2045 1240 2124 princepe
1262 2061 1332 2107 oum
1352 2044 1432 2120 allio,
1454 2044 1484 2106 id
1501 2045 1610 2106 consili
1625 2044 1776 2125 capiatur,
1799 2043 1881 2122 quod
1899 2045 2056 2124 plerisque
2073 2046 2269 2123 potissimum

515 2153 518 2156 ’
580 2157 712 2221 arrideat
733 2165 826 2235 atque
848 2173 915 2220 eam
938 2161 978 2218 ob
1001 2173 1123 2220 caumm
1145 2156 1184 2218 ab
1196 2156 1294 2228 Ulixe,
1317 2143 1381 2234 quo
1405 2156 1503 2236 magis
1527 2156 1556 2216 in
1581 2157 1732 2217 exercitus
1754 2156 1884 2235 gratiam
1907 2172 1943 2217 se
1963 2157 2111 2232 insinuet,
2133 2159 2268 2223 maxime

582 2269 735 2332 fulciatur.
778 2269 806 2330 ls
836 2270 946 2348 igitur,
967 2285 1073 2347 *quum
1096 2267 1234 2329 rideatur
1255 2267 1287 2328 in
1309 2266 1409 2329 solum
1433 2263 1625 2330 Graecorum
1647 2265 1844 2328 commodum
1867 2281 1977 2327 suasor
1999 2269 2148 2331 exstitisse
2170 2267 2270 2331 duris·

578 2382 652 2443 simi
671 2381 754 2442 illius
767 2379 806 2441 de
821 2377 977 2458 Polyxena
992 2377 1177 2442 immolanda
1193 2378 1320 2454 decreti,
1344 2393 1450 2440 revera
1465 2377 1677 2456 praepotentis
1692 2377 1791 2455 plebis
1806 2376 1924 2442 libidini
1939 2377 2099 2444 ambitiose
2114 2379 2267 2462 indulget.
2307 2425 2311 2435 .

581 2489 705 2571 Quare,
736 2491 873 2569 utramvis
902 2492 1050 2568 speciosis
1078 2491 1286 2570 argumentis,
1317 2497 1351 2552 ut
1373 2499 1418 2552 eat
1439 2491 1485 2552 uir
1507 2487 1638 2552 callidus
1660 2495 1690 2550 ct
1712 2487 1870 2550 rhetorum
1891 2488 2163 2569 sophistaramque
2185 2491 2269 2555 illins
2312 2561 2315 2566 ,

582 2605 728 2681 temporis
749 2602 866 2665 artibus
888 2603 961 2664 satis
982 2602 1127 2677 imbutus,
1149 2600 1292 2664 Hecubae
1312 2602 1390 2664 illud
1412 2600 1569 2686 decretum
1593 2608 1726 2674 excuset,
1752 2616 1770 2661 a
1792 2599 1966 2662 Troadibus
1989 2609 2070 2664 recte
2093 2603 2270 2666 nominator

544 2717 547 2720 ’
578 2715 628 2791 (u
653 2712 749 2786 lille
773 2717 990 2794 necationem,
1015 2715 1117 2786 sinac,
1141 2715 1301 2790 sentires,
1326 2715 1564 2793 δημοχαρισιιῑς,
1585 2721 1680 2792 atque
1702 2712 1784 2775 male
1804 2684 1888 2775 audit
1908 2712 1948 2774 ab
1970 2714 2038 2792 ipsa
2060 2685 2216 2789 liecuba,¹
2234 2721 2268 2778 et

582 2843 662 2906 qnae
684 2826 768 2888 bisce
788 2827 887 2887 cirum
910 2827 1037 2906 castiget
1058 2825 1105 2903 (v.
1126 2823 1228 2897 ach:

1044 2956 1211 3033 &sepelires
1233 2956 1319 3031 ὖμῶν
1342 2955 1458 3032 σπέρμ’,
1482 2955 1550 3012 ὅσοι
1573 2953 1762 3031 θημὴγᾶρολλξ

1047 3073 1163 3137 ζηλοῦτε
1187 3065 1282 3142 repeda.
1314 3071 1392 3142 μηδὲ
1412 3066 1634 3145 yiyvoiceotudtl
1655 3077 1718 3142 proc,

1046 3185 1077 3234 ei*
1090 3177 1165 3260 ¹cretis
1187 3183 1292 3254 φίλους
1311 3177 1489 3251 βλάπτοντες
1511 3177 1545 3235 eii
1571 3183 1753 3256 φροντίζετε,
1792 3165 1795 3170 ’

1046 3290 1082 3359 ἢν
1104 3298 1181 3347 τοῖσι
1203 3294 1321 3353 πολλοῖς
1344 3290 1417 3368 πρδς
1438 3289 1531 3366 χάριν
1553 3294 1653 3363 lippet
1674 3314 1710 3347 re.

581 3412 651 3489 (Cl.
674 3399 783 3495 Suppl.
808 3409 880 3478 iti.
910 3415 1017 3479 Bacch.
1039 3410 1132 3490 dea.)
1175 3417 1242 3479 lam
1265 3432 1356 3494 veru,
1388 3394 1472 3480 tanta*
1490 3416 1611 3480 videtur
1635 3420 1785 3481 crercdns
1807 3418 1900 3480 nimia
1923 3418 2074 3496 putentia,
2098 3416 2147 3494 ul,
2170 3430 2267 3495 quum

580 3525 631 3590 vei
651 3527 892 3590 merum-scelus
915 3526 1071 3608 Polydoro
1094 3530 1197 3591 occiso
1219 3537 1372 3609 patratum
1395 3532 1450 3605 sit,
1484 3540 1521 3591 ne
1543 3528 1574 3591 id
1598 3520 1723 3608 quidem
1746 3530 1870 3607 expiare
1893 3522 1962 3589 velit
1985 3544 2040 3590 rex
2063 3524 2267 3602 Graecorum,

581 3640 635 3717 qui
658 3642 758 3701 umen
782 3638 853 3717 plus
875 3645 967 3719 quam
989 3640 1093 3703 Ulixes
1114 3640 1295 3704 humanitati·
1316 3650 1346 3704 et
1362 3642 1499 3719 justitiae
1523 3641 1650 3718 tribuat,
1664 3628 1725 3705 ,sed
1749 3636 1853 3719 polius
1876 3636 1993 3721 timide,
2016 3640 2171 3705 llu‘cluanti
2193 3654 2270 3717 qua·

581 3750 651 3815 dam
681 3752 895 3826 inconstantia,
926 3750 992 3830 ipse
1014 3751 1175 3815 vindictam
1199 3755 1342 3832 respuat,
1373 3764 1410 3817 oe
1433 3754 1580 3817 exercitui
1600 3753 1768 3816 invidiosus
1791 3753 1913 3816 iuturus
1936 3754 1974 3814 sit
2001 3750 2100 3826 (conl.
2124 3750 2267 3813 Hecubae

582 3863 672 3927 verba
695 3860 815 3926 vesu:
841 3872 920 3924 inst
945 3873 984 3924 ca
1008 3874 1244 3944 sappet;,1p
1268 3868 1410 3943 dexto
1434 3875 1548 3926 πλέον
1573 3864 1735 3944 νέμεις),
1757 3874 1787 3927 at
1802 3864 1906 3945 prodit
1931 3858 2046 3927 socium
2070 3856 2212 3942 amicum,
2238 3868 2272 3925 nt

577 3973 722 4038 'llccubae
744 3974 918 4050 satisfaciat,
943 3982 1105 4055 utramtpue
1128 3976 1246 4055 partein
1268 3966 1411 4039 intendo.
1456 3974 1506 4040 Sic
1529 3977 1597 4057 ipso
1621 3974 1677 4040 bac
1700 3972 1849 4059 singulari
1873 3986 1975 4040 reruni
1998 3982 2137 4040 connexu
2162 3976 2209 4053 dt,
2240 3984 2272 4037 ut

579 4088 714 4161 llecuba,
738 4092 817 4167 qtrae
841 4085 932 4150 murlo
955 4094 1026 4149 ante
1047 4088 1084 4150 ab
1106 4090 1182 4165 ipsis
1205 4087 1331 4152 Graecis
1355 4106 1433 4166 eam,
1454 4106 1534 4169 uuae
1558 4092 1586 4154 ei
1608 4090 1766 4167 debeatur,
1785 4084 1932 4169 Justitiam
1950 4095 2034 4153 nacta
2050 4096 2110 4152 non
2127 4080 2175 4161 sit,
2198 4098 2272 4154 mox

582 4207 657 4263 nola
681 4196 870 4262 Graecorum
892 4187 1056 4278 injustitia,
1079 4208 1157 4279 qnae
1180 4192 1271 4264 simul
1293 4201 1324 4262 in
1354 4202 1471 4264 socium
1504 4218 1630 4277 eorum,
1663 4200 1906 4282 Polymestorern
1936 4200 2032 4279 eadit,
2065 4208 2212 4285 cogatur,
2235 4202 2269 4263 'dt

581 4314 648 4393 ipsa
672 4314 745 4391 jnra
770 4327 826 4375 sua
845 4320 966 4375 tucatur
987 4309 1080 4390 idque
1103 4294 1248 4375 ninrird'tu
1273 4327 1310 4376 eo
1330 4314 1451 4392 majore
1474 4304 1618 4389 libidine,
1649 4331 1711 4393 quo
1734 4316 1856 4395 gravius
1879 4312 1971 4376 niodo
1994 4315 2125 4376 aliorum
2148 4296 2269 4376 licentia

582 4422 690 4487 v'iolata
713 4426 761 4486 sit

582 4722 606 4757 v.
626 4710 653 4757 d.
674 4710 700 4757 in
725 4708 866 4769 Stagirites
891 4709 1042 4769 tragoediae
1069 4710 1220 4758 delinitione
1246 4712 1407 4759 recensenda
1434 4712 1503 4759 bunc
1530 4712 1555 4759 ln
1576 4712 1684 4761 modurn
1707 4711 1812 4772 capronit
1830 4682 1937 4771 (Aestii,
1958 4712 2006 4775 ill,
2026 4716 2052 4776 2,
2075 4727 2101 4771 p.
2125 4714 2216 4773 1386),
2236 4728 2266 4763 aa

582 4798 686 4847 miisste
712 4796 856 4857 eulgezeigt
879 4798 1000 4861 werden,
1026 4798 1073 4846 wie
1094 4799 1141 4847 des
1162 4797 1299 4847 Erlrabene
1319 4799 1367 4847 des
1387 4798 1524 4857 subjecte,
1553 4826 1586 4835 -
1606 4827 1641 4838 -
1662 4802 1722 4848 dem
1742 4799 1850 4849 absolut
1868 4800 2023 4851 Ertrebenen
2046 4802 2092 4851 des
2112 4802 2265 4851 Sclriotrsals

583 4886 655 4937 Plau
674 4886 763 4935 macne
781 4912 814 4921 -
834 4899 921 4934 -so
941 4888 1004 4936 dass
1024 4888 1072 4937 das
1091 4885 1229 4937 Ernebenc
1249 4888 1297 4937 dee
1318 4886 1440 4947 Sublects
1460 4887 1500 4936 als
1520 4887 1674 4939 Brucbtbcll
1695 4888 1769 4937 cirins
1784 4889 1888 4939 Gauron
1908 4892 2050 4954 erscbeini,
2070 4894 2096 4939 et
2114 4900 2184 4951 quae
2203 4903 2265 4952 sqq.

692 4989 731 5057 ω)
751 4991 856 5052 sente.
879 4993 966 5041 oram.
987 4991 1059 5041 vost
1079 4992 1100 5055 r,
1123 5008 1147 5054 ρ.
1166 4992 1228 5042 eoa.
1260 4994 1328 5043 ειιιι.
1348 4994 1457 5043 caeru.
1475 4966 1513 5060 'v,
1536 5006 1561 5055 p.
1582 4994 1649 5050 sen,
1681 4980 1824 5056 euripides
1844 4998 1930 5045 norro
1949 5010 2008 5047 ann·
2029 4997 2132 5046 urrisu
2153 4994 2266 5059 suerso,

584 5081 633 5130 des
652 5092 705 5132 war
724 5083 780 5129 sein
801 5080 925 5130 bliebeter
944 5081 1043 5131 Zweck.
