5367 6425
1407 807 1446 892 ia

535 1094 538 1098 .
581 1037 676 1098 animi
698 1034 861 1098 affectuum
887 1036 1053 1113 imaginem
1073 1043 1143 1096 ante
1166 1037 1273 1096 oculos
1288 1037 1491 1114 exposuisset,
1513 1045 1543 1098 at
1559 1034 1706 1112 numquid
1729 1035 1932 1116 tragoediam,
1949 1034 2034 1096 valde
2051 1052 2124 1098 sane
2139 1054 2270 1115 quaere·

584 1153 679 1207 retur.
713 1145 811 1207 Altius
826 1146 920 1224 igitur
936 1162 985 1207 res
1001 1144 1069 1207 illas
1083 1145 1289 1228 cogitantibus
1305 1148 1419 1227 tragica
1436 1145 1524 1208 nobis
1539 1148 1724 1225 proponitur
1739 1163 1774 1208 ea
1789 1147 1955 1220 contentio,
1979 1146 2008 1204 in
2026 1162 2085 1223 qna
2100 1147 2270 1210 sublimitas

582 1257 735 1318 humanae
763 1255 943 1332 voluntatis,
971 1257 1092 1334 qualem
1123 1274 1197 1335 prae
1223 1276 1256 1319 se
1286 1254 1348 1318 iert
1369 1255 1510 1330 lleeuba,
1537 1259 1608 1334 iura
1631 1257 1807 1332 bominum,
1836 1261 1951 1335 quippe
1975 1271 2054 1334 quae
2077 1259 2134 1318 sita
2156 1259 2217 1320 siut
2238 1261 2269 1321 iu

547 1348 554 1361 Χ
582 1368 710 1430 humani
738 1367 861 1447 generis
889 1373 1055 1447 societate,
1082 1384 1100 1428 a
1129 1369 1355 1446 potentioribus
1382 1383 1506 1430 summo
1527 1367 1654 1430 arbitrio
1678 1368 1760 1428 laesa
1782 1367 1887 1430 victrix
1910 1366 2034 1445 quidem
2058 1375 2185 1442 tutetur,
2214 1367 2269 1430 sed

583 1485 683 1539 tamen
713 1480 770 1552 ita,
798 1486 830 1538 ut
862 1495 897 1538 ea
925 1478 992 1556 ipsa
1014 1480 1209 1557 superiorem
1232 1496 1301 1542 esse
1322 1480 1507 1542 voluntatem
1530 1479 1661 1540 divinam
1686 1481 1807 1556 penitus
1830 1479 2051 1556 persentiscunt
2071 1487 2269 1556 spectatores.

517 1579 525 1589 '
583 1584 688 1665 Quare
711 1596 816 1649 noster
838 1588 1037 1666 principalem
1061 1606 1224 1668 personam
1247 1606 1314 1652 esse
1337 1592 1432 1652 voluit
1453 1591 1614 1652 mulierem
1637 1591 1722 1651 initio
1749 1590 2040 1664 innocentissimam,
2062 1605 2150 1666 quae,
2173 1603 2269 1666 quotu

582 1698 699 1778 ingenti
721 1699 902 1775 injuriarum
927 1701 1008 1762 mole
1030 1702 1083 1762 liat
1103 1702 1290 1777 miserrima,
1320 1710 1477 1779 postremo
1500 1701 1567 1764 illas
1590 1701 1714 1778 quidem
1737 1718 1792 1764 sua
1813 1702 1911 1779 ipsios
1933 1701 1960 1761 vi
1981 1699 2126 1772 vindicet,
2153 1707 2183 1760 at
2204 1701 2270 1777 ipsa

584 1819 705 1871 maneat
737 1812 927 1886 miserrima,
959 1829 1053 1889 qouur
1088 1812 1118 1872 iu
1148 1813 1220 1888 jore
1252 1829 1310 1875 suo
1343 1813 1382 1875 ab
1408 1813 1535 1875 arbitrio
1557 1811 1766 1887 defendendo,
1796 1814 1893 1890 ipsius
1911 1812 2048 1890 justitiae
2070 1809 2195 1872 modurn
2220 1827 2271 1886 en·

582 1915 819 1982 cessurusne
849 1922 1096 2001 quodammodo,
1129 1939 1209 2001 quae
1241 1922 1324 2002 apud
1356 1923 1491 1985 divinum
1525 1919 1712 2002 Sophoclem
1744 1923 1784 1985 ad
1814 1925 1997 2003 Antigonam
2030 1921 2144 1984 cborus
2177 1922 2269 1996 dicit;

584 2032 709 2110 upopldvo’
731 2032 775 2090 ἔπ’
798 2039 927 2109 ἔσχατον
949 2036 1081 2113 θράσους
1104 2033 1218 2109 ὖψηλδν
1242 2040 1273 2098 te
1295 2048 1382 2100 Δίκας
1403 2037 1519 2113 βάθρον
1543 2047 1728 2112 reperiundae,
1763 2035 1785 2093 o}
1812 2047 1933 2106 τέκνον,
1965 2041 2089 2102 nadair,
2121 2051 2155 2095 tta
2178 2033 2268 2096 ellam

583 2141 614 2202 in
637 2140 790 2204 Hecubam
814 2142 952 2205 videntur
975 2142 1139 2222 quadrare.
1184 2142 1258 2205 liam
1291 2147 1385 2226 igitur
1412 2146 1573 2208 mulierem
1604 2162 1673 2208 coru
1697 2143 1887 2208 Graecorum
1919 2143 2106 2222 primoribus
2133 2145 2176 2205 sic
2198 2160 2271 2206 con·

582 2251 690 2332 digere
719 2253 872 2329 videmus,
904 2263 936 2316 nt
964 2256 1047 2333 ipsa,
1070 2239 1184 2332 'quum'
1207 2255 1355 2335 dignitate
1382 2271 1437 2316 sua
1461 2271 1522 2315 non
1546 2256 1647 2317 minus
1669 2273 1761 2334 quam
1784 2272 1903 2318 summa
1925 2271 2000 2335 erga
2023 2256 2137 2317 liberos
2160 2257 2270 2333 pietate

583 2363 724 2444 instigata
748 2362 932 2440 pedetentim
955 2365 994 2426 ad
1015 2366 1198 2428 acerrimam
1220 2365 1388 2428 ulciscendi
1410 2367 1606 2443 cupiditatem
1629 2368 1830 2446 propellatur,
1848 2368 1998 2444 justitiam
2014 2375 2044 2428 et
2059 2367 2270 2445 reverentiam,

582 2491 663 2555 quae
689 2483 717 2535 et
743 2464 942 2536 inlerioribus
968 2468 1061 2554 atque
1081 2476 1297 2538 infirmissimis
1315 2477 1483 2555 debeatur,
1506 2495 1524 2539 a
1549 2475 1739 2540 Graecorum
1771 2481 1904 2556 potentia
1926 2476 2085 2556 defendat,
2117 2479 2166 2539 isti
2187 2491 2269 2551 veru,

583 2603 680 2666 quoru
703 2601 839 2647 sommas
860 2586 1007 2664 deinceps
1030 2588 1158 2666 iujvuias
1180 2587 1448 2650 innocentissimae
1472 2586 1613 2662 inferant,
1636 2589 1728 2666 hujus
1750 2591 1848 2667 ipsius
1865 2591 1938 2666 jura
1961 2606 2021 2652 non
2045 2597 2106 2650 mm
2127 2589 2157 2649 iu
2181 2604 2270 2650 exer·

583 2703 672 2785 citus
690 2714 782 2777 qnam
809 2697 840 2757 iu
871 2712 961 2758 suum
990 2697 1128 2775 ipsorum
1157 2698 1355 2761 commodum
1378 2714 1447 2761 oum
1473 2699 1548 2760 mira
1572 2700 1674 2780 legum
1697 2700 1865 2792 divinarum
1891 2702 2081 2781 neglectioue
2102 2698 2272 2776 despiciant

582 2820 675 2890 atque
706 2815 910 2873 contemnant.
955 2805 1151 2886 Quamquam
1185 2811 1380 2891 miserrima,
1415 2819 1561 2888 quantuni
1596 2820 1716 2890 potest,
1751 2814 1883 2890 primum
1914 2819 2002 2890 paret
2031 2810 2201 2872 necessitati
2230 2815 2269 2884 et,

582 2921 664 3004 qood
695 2935 894 2985 averruncare
924 2927 1053 2997 nequeat
1075 2918 1200 2996 malum,
1222 2928 1381 2999 postremo
1405 2930 1437 2984 ot
1458 2923 1562 2982 animo
1584 2921 1662 2985 leret
1678 2921 1787 2997 valido,
1810 2923 1867 2984 sibi
1883 2921 2057 3000 persuadet.
2101 2924 2149 2998 At,
2172 2935 2269 3010 quum

582 3034 708 3097 cesserit
735 3032 832 3107 Ulixi,
866 3033 897 3093 in
929 3029 1117 3094 Graecorum
1147 3033 1344 3095 commodum
1375 3032 1563 3114 Polyxenam
1591 3034 1631 3096 ad
1659 3035 1844 3114 supplicium
1866 3033 2075 3096 abducendum
2099 3047 2166 3094 esse
2187 3046 2270 3092 asse·

582 3145 708 3220 veranti,
730 3142 869 3219 vixdum,
891 3143 1030 3221 quamvis
1052 3143 1164 3204 misera
1186 3144 1225 3205 sit
1248 3153 1277 3206 et
1298 3145 1478 3227 gravissime
1501 3143 1656 3221 lacessita,
1678 3146 1776 3225 ipsios
1797 3146 1877 3208 filiae
1900 3144 2069 3207 constantia
2091 3150 2271 3225 et'geuero·

582 3260 670 3321 sitate
692 3257 805 3319 mirum
828 3262 976 3332 quantum
999 3271 1100 3333 aequo
1124 3264 1153 3315 et
1174 3256 1378 3319 corroborato
1400 3257 1504 3318 animo
1520 3258 1622 3333 evasit,
1646 3273 1741 3334 quum
1756 3258 1857 3320 subito
1872 3290 1913 3303 -
1936 3272 2036 3333 neque
2059 3264 2157 3317 nmen
2181 3269 2271 3331 pror·

582 3386 636 3430 sus
659 3367 839 3444 necopinato
872 3400 913 3409 -
946 3366 1088 3447 graviore
1118 3365 1170 3426 illo
1197 3374 1227 3427 et
1258 3366 1396 3429 inaudito
1421 3365 1500 3427 malo
1524 3367 1674 3430 obruitur.
1721 3365 1806 3446 Quid
1832 3368 1897 3443 jam
1921 3366 2058 3439 miraris,
2086 3364 2171 3443 quod
2193 3364 2270 3424 lianc

583 3480 681 3557 ipsam
712 3478 889 3551 mulierem,
922 3493 1002 3555 quae
1032 3493 1124 3555 qoam
1154 3476 1234 3539 dimi
1266 3480 1383 3555 pariter
1410 3487 1515 3558 atque
1532 3478 1640 3541 fervidi
1662 3480 1755 3541 animi
1778 3479 1826 3551 sit,
1850 3479 1943 3541 modo
1966 3486 2109 3554 expertus
2132 3492 2181 3549 es,
2214 3490 2270 3537 nec

581 3606 711 3668 prorsus
738 3587 909 3652 conlectam
939 3588 1101 3651 concidere
1131 3604 1187 3650 uec
1214 3589 1367 3666 patienter
1388 3606 1508 3653 mertum
1531 3589 1609 3651 illud
1632 3590 1730 3651 scelos
1754 3588 1855 3663 lerre,
1885 3589 1939 3651 sed
1963 3590 2020 3651 boc
2042 3590 2072 3649 in
2095 3587 2271 3649 discrimine

582 3717 686 3763 rerum
713 3701 745 3763 iu
774 3717 926 3763 summam
958 3700 1154 3763 vindicandae
1184 3702 1266 3761 uenis
1295 3699 1443 3781 Polydori
1472 3683 1667 3779 cupiditatem
1697 3700 1836 3781 demergi
1859 3698 1965 3763 videsi‘
2009 3698 2082 3761 lude
2104 3715 2180 3760 nova
2203 3697 2271 3775 eius

580 3827 650 3873 cnm
674 3808 798 3873 Graecis
820 3813 987 3890 contentio,
1011 3812 1170 3891 quoniam,
1192 3826 1283 3888 quem
1308 3812 1411 3889 puniri
1434 3813 1514 3888 velit,
1535 3815 1561 3874 is
1584 3815 1687 3893 socius
1710 3820 1756 3873 est
1777 3828 1885 3874 eorum
1908 3812 2146 3890 potentissimus.
2183 3808 2277 3885 lluuc

581 3922 677 4003 igitur
691 3923 801 4000 virum,
824 3924 961 4000 quamvis
984 3923 1121 3984 omnium
1144 3922 1183 3983 sit
1198 3922 1465 3997 sceleratissimus,
1488 3940 1592 3986 servae
1615 3926 1723 4004 gratia,
1750 3926 1798 3985 cui
1821 3939 1859 3985 ue
1881 3928 1953 3984 satis
1976 3922 2098 4000 quidem
2123 3922 2174 3983 ille
2197 3935 2270 3981 nour

581 4030 826 4095 occisoriuerit
859 4050 970 4109 necue,
1003 4040 1135 4105 constet,
1167 4032 1205 4093 ab
1236 4033 1347 4094 iisdern
1376 4034 1406 4094 in
1425 4034 1479 4111 jos
1501 4035 1602 4095 vocari
1625 4033 1765 4112 potabis,
1800 4035 1853 4112 qui
1876 4036 1934 4111 ipsi
1959 4033 2050 4094 modo
2073 4034 2103 4093 in
2128 4014 2268 4093 miseram

580 4160 705 4224 gravem
735 4145 920 4223 impietatem
950 4146 1141 4207 committere
1172 4159 1232 4205 uun
1264 4143 1490 4206 dubitaverint?
1534 4142 1636 4207 Nibilo
1665 4154 1763 4207 tameo
1793 4148 1894 4207 miuus
1923 4146 1953 4205 iu
1983 4145 2049 4205 sola
2080 4141 2268 4206 Graecorum

463 4260 466 4262 ’
581 4272 642 4334 ope
666 4256 766 4317 omnis
788 4255 935 4318 vindictae
957 4272 1029 4335 spes
1053 4257 1151 4332 posita
1175 4263 1230 4317 est.
1264 4257 1302 4316 Ar
1325 4272 1432 4317 rursus
1455 4272 1520 4331 eos,
1543 4273 1560 4317 a
1583 4257 1696 4335 quibos
1720 4255 1812 4317 modo
1836 4259 1949 4317 recenti
1966 4255 2138 4335 Polyxenae
2160 4256 2270 4317 immo·

581 4366 695 4429 latione
717 4366 797 4428 laesa
820 4368 875 4441 sit,
897 4367 954 4429 bac
976 4368 1042 4444 ipsa
1065 4368 1178 4445 injuria
1199 4365 1257 4427 sibi
1279 4365 1434 4428 devinctos
1457 4366 1556 4429 babet.
1600 4364 1707 4445 Quare
1731 4366 1939 4448 Agamemno,
1969 4368 2053 4442 licet,
2077 4383 2114 4429 oe
2136 4365 2271 4427 videatur

580 4478 648 4556 ipse
681 4479 712 4538 iu
746 4477 846 4540 soluvn
881 4493 985 4540 servae
1019 4478 1215 4540 commodum
1251 4494 1357 4556 regern
1388 4480 1505 4540 socium
1534 4480 1706 4557 punivisse,
1740 4495 1830 4541 omne
1859 4495 1932 4541 ase
1955 4478 2124 4539 vindicandi
2147 4475 2271 4539 sceleris

582 4586 718 4651 cilicium
748 4597 911 4662 removeat,
943 4597 1088 4651 exoratus
1118 4597 1219 4651 umen
1245 4590 1276 4649 in
1300 4589 1398 4665 ipsam
1423 4588 1582 4651 mulierem
1606 4589 1752 4652 ultionem
1776 4589 1891 4669 perdde
1913 4586 2042 4652 coolert.
2087 4586 2186 4667 Atque
2204 4587 2270 4664 jam

582 4700 666 4762 fatali
691 4716 794 4762 rerum
816 4699 925 4760 ordine
947 4715 998 4760 res
1021 4697 1100 4761 adeo
1124 4715 1276 4779 prospere
1298 4698 1437 4777 procedit
1458 4700 1660 4776 miserrimae,
1684 4709 1726 4776 qt,
1750 4717 1846 4779 quum
1869 4700 1908 4761 ab
1925 4701 2000 4778 ipsis
2016 4697 2140 4762 Graecis
2155 4712 2271 4774 poenas

581 4828 706 4875 sumere
728 4828 788 4873 uon
811 4812 926 4888 possit,
957 4818 1063 4887 aperta
1085 4819 1168 4872 certe
1189 4810 1315 4872 illorum
1339 4809 1514 4888 proditioue
1536 4812 1653 4873 socium
1677 4828 1803 4886 eornm,
1828 4828 1919 4874 soum
1943 4811 2040 4890 ipsius
2062 4810 2190 4871 alterum
2215 4808 2271 4868 ini·

582 4926 714 4997 micum,
747 4920 924 5000 pessumdet
946 4921 1080 5000 ideoque
1101 4924 1131 4983 in
1155 4922 1236 4985 bunc
1259 4937 1402 4998 omnem,
1429 4938 1490 5000 qua
1513 4922 1728 4997 excandescat,
1750 4923 1828 4983 iram
1850 4929 1942 5001 atque
1965 4919 2102 4983 furorem
2126 4916 2272 4995 elluodat,

581 5034 676 5112 buius
700 5034 789 5095 ouius
809 5031 1022 5094 crudelissima
1045 5032 1131 5097 clade
1152 5049 1270 5111 omues,
1293 5034 1406 5112 quibus
1422 5034 1558 5112 undique
1574 5035 1683 5097 obruta
1699 5034 1750 5113 sit,
1773 5024 1902 5111 iujurias
1917 5034 2003 5111 qnasi
2021 5048 2078 5095 una
2093 5032 2271 5114 gravissima
