5367 6425
1327 1169 1337 1186 ‘
1369 1161 1460 1245 111.

741 1351 942 1440 Ostendeudo
972 1368 1010 1415 eo
1038 1349 1180 1425 consilio,
1210 1329 1295 1429 qood
1324 1353 1356 1412 iu
1388 1349 1511 1416 Hecuba
1534 1348 1638 1415 lanula
1660 1323 1873 1432 componenda
1897 1363 2075 1432 persecutos
2097 1354 2137 1416 sit
2159 1360 2262 1432 poeta,

562 1480 670 1543 ,quum
692 1481 819 1543 operam
843 1463 935 1526 modo
958 1463 1187 1542 uocauerimus.
1217 1460 1247 1523 id
1271 1462 1397 1540 quidem
1421 1461 1562 1526 ellectum
1586 1465 1749 1544 putamus,
1781 1474 1814 1527 ut
1836 1465 1931 1528 lalsos
1948 1461 2020 1528 *esse
2043 1465 2179 1542 eluceat,
2208 1465 2262 1543 qui

574 1583 712 1637 nostrum
741 1575 803 1637 duo
832 1574 1061 1656 tragoediarum
1088 1580 1270 1655 argumenta
1298 1575 1328 1634 iu
1358 1590 1452 1636 arnum
1485 1582 1601 1638 temere
1630 1576 1860 1640 consarcinasse
1886 1577 2068 1656 opineutnr;
2102 1575 2154 1638 sed
2174 1575 2262 1654 Juvat

574 1686 696 1767 singula
718 1685 887 1765 quaedam,
916 1701 996 1765 quae
1019 1685 1145 1764 majoris
1168 1686 1314 1747 momenti
1334 1685 1412 1761 sint,
1435 1686 1607 1748 accuratius
1630 1695 1794 1751 retractare
1816 1695 1908 1767 atque
1929 1687 2118 1750 collustrare.
2162 1686 2263 1766 Atque

576 1799 709 1876 primum
732 1793 857 1875 qisidcrn
880 1804 1007 1871 constat.
1031 1813 1068 1859 ue
1092 1795 1166 1875 quid
1190 1811 1319 1874 prorsus
1340 1781 1573 1873 inexpectatum
1592 1799 1718 1874 eueniat,
1741 1798 1905 1878 providere
1920 1797 2056 1861 olllcium
2070 1814 2138 1860 esse
2154 1804 2265 1876 poetae

577 1906 767 1986 exponendis
789 1911 818 1968 in
841 1910 910 1988 ipso
932 1909 1059 1970 actionis
1081 1908 1167 1969 initio
1189 1907 1240 1986 iis,
1263 1923 1344 1986 quac
1375 1909 1478 1970 nescio
1503 1924 1566 1987 quo
1589 1917 1677 1986 pecto
1700 1919 1807 1988 postea
1828 1911 1860 1972 in
1883 1909 2012 1973 eundem
2036 1910 2126 1972 dcem
2141 1910 2265 1988 conspi-
2340 1929 2341 1932 ¹

578 2027 655 2108 rent.
687 2017 750 2082 Nec
773 2018 862 2081 facilc
884 2018 1105 2100 intelligentem
1127 2018 1275 2081 lectorem
1297 2016 1409 2100 lugere
1432 2027 1530 2098 potest
1554 2019 1637 2082 breti
1657 2019 1709 2082 illa
1732 2019 1873 2084 Hecubae
1895 2025 1924 2080 iu
1946 2037 2068 2082 scenam
2083 2020 2266 2099 prodeuntis

523 2193 526 2208 ,
577 2130 722 2194 monodia
737 2129 905 2209 (osssst)
929 2131 1151 2210 expositionem
1174 2128 1326 2208 quandam
1350 2131 1478 2192 actionis
1500 2133 1719 2212 subsequentis
1740 2133 1902 2195 contineri.
1934 2113 2000 2193 lam
2017 2132 2103 2193 initio
2118 2130 2265 2196 dramatis

577 2245 655 2306 bene
688 2260 706 2304 a
740 2250 830 2320 pocta
863 2243 1021 2320 prouisum
1055 2247 1119 2319 est,
1154 2248 1185 2302 ut
1216 2257 1290 2321 erga
1318 2241 1472 2305 llecubam
1503 2260 1624 2306 stimma
1648 2245 1793 2308 excitetur
1814 2251 2020 2322 spectatorum
2044 2243 2266 2307 misericordia.

578 2353 658 2434 Qui,
687 2354 760 2416 dum
790 2355 935 2416 miserum
964 2354 1046 2415 illius
1068 2351 1205 2414 habitum
1227 2356 1425 2431 ultimumque
1448 2353 1551 2418 denuo
1576 2363 1658 2419 metu
1680 2364 1849 2438 clangore
1871 2355 2047 2434 perculsum
2068 2355 2269 2434 conspiciant,

579 2483 649 2530 cum
672 2466 763 2543 mala,
786 2465 899 2544 quibus
920 2464 1021 2527 adhuc
1042 2461 1155 2526 afflicta
1178 2471 1224 2525 est
1245 2464 1370 2541 mulier,
1394 2467 1503 2546 regina
1526 2466 1622 2540 olim,
1645 2483 1725 2530 nuuc
1746 2468 1862 2545 captiua
1884 2467 1915 2527 in
1938 2468 2111 2529 servitutem
2133 2465 2270 2544 detrusa,

581 2578 823 2651 reminiscentur,
844 2584 909 2638 tum
933 2577 1065 2638 maxime
1090 2590 1213 2653 rerum,
1235 2591 1315 2652 quae
1338 2583 1500 2639 eventurae
1523 2578 1599 2653 sint,
1621 2594 1742 2640 summa
1764 2579 1973 2656 expectatione
1995 2586 2144 2639 tenentur.
2188 2576 2268 2639 Tum

581 2692 636 2752 luas
658 2687 783 2768 quidem
808 2702 856 2749 ιιι
879 2704 916 2748 ex
940 2687 1099 2764 utriusque
1123 2694 1228 2763 partus
1249 2683 1396 2764 lemicae,
1418 2685 1568 2768 Polydori
1583 2695 1614 2751 et
1626 2687 1801 2770 Polyxenae
1821 2687 1884 2750 lato
1900 2705 2050 2750 nexorum
2065 2704 2132 2750 esse
2147 2695 2269 2766 poetam

581 2818 644 2864 nou
675 2801 777 2862 minus
810 2800 840 2860 in
873 2806 980 2876 aperto
1014 2805 1079 2873 est,
1113 2813 1211 2876 quarn
1240 2814 1277 2858 ex
1305 2798 1403 2876 ipsius
1430 2797 1578 2880 Polydori
1602 2802 1680 2862 tristi
1702 2801 1876 2863 conditione
1899 2801 2047 2863 orituram
2069 2799 2272 2879 principalem

584 2915 690 2976 matris
712 2927 815 2973 rerum
840 2912 1108 2973 commutationem
1133 2910 1345 2987 (μειαριιὴν).
1389 2906 1473 2988 Quid
1497 2911 1591 2987 enim,
1613 2910 1697 2990 quod
1720 2912 1758 2974 de
1779 2912 1849 2974 visis
1871 2910 1932 2973 illis
1954 2913 2111 2974 nocturnis
2133 2913 2173 2975 ita
2196 2927 2273 2990 que·

582 3026 661 3088 ritur
682 3024 811 3098 misera,
841 3030 874 3084 ut
895 3020 933 3083 ad
956 3021 1009 3083 dlii
1032 3019 1127 3083 latum
1151 3021 1318 3099 praecipue
1341 3021 1476 3083 intendat
1492 3015 1635 3086 'animum
1660 3035 1792 3102 eumque
1815 3031 1847 3085 ιιι
1870 3031 2012 3085 tueantur
2033 3023 2174 3103 inprimis
2195 3023 2273 3086 deos

583 3133 750 3198 obsecrati
793 3133 855 3196 Nec
878 3135 989 3196 mirum
1013 3134 1072 3196 lroc
1094 3134 1124 3195 iu
1149 3134 1270 3215 regina,
1293 3149 1390 3214 quac,
1414 3135 1552 3215 qrramvis
1574 3136 1613 3197 sit
1634 3133 1860 3215 infelicissima,
1881 3143 1940 3197 ιιιιι
1964 3135 2034 3197 elati
2055 3142 2086 3196 et
2107 3135 2273 3197 constantis

584 3249 677 3311 animi
699 3252 748 3322 sit,
771 3255 814 3323 ut,
837 3263 932 3326 quum
955 3262 1025 3308 vere
1047 3247 1192 3308 maternis
1216 3246 1358 3340 sensibus
1381 3254 1548 3323 moueatur,
1571 3246 1662 3310 simul
1684 3248 1846 3311 ambitiose
1868 3248 1899 3308 in
1921 3246 2040 3325 pristini
2063 3246 2151 3309 aulae
2171 3252 2275 3326 spten-

585 3361 670 3426 doris
693 3359 842 3421 memoria
863 3365 1011 3420 versetur.
1045 3357 1138 3436 Atqui
1159 3356 1308 3436 Polydori
1332 3358 1417 3421 salus
1438 3359 1465 3419 si
1488 3359 1667 3441 conciderit,
1690 3375 1786 3439 quum
1810 3375 1890 3422 ciuus
1911 3357 1963 3421 ille
1986 3360 2119 3438 supersit
2141 3359 2274 3423 liliorum

584 3471 709 3544 Priami,
733 3471 833 3532 omnis
851 3470 916 3548 jam
941 3469 1029 3551 regni
1051 3466 1240 3529 instaurandi
1263 3485 1335 3549 spes
1357 3472 1469 3533 amissa
1493 3480 1547 3534 est.
1592 3469 1698 3551 Quare
1721 3471 1873 3553 intelligas
1895 3486 2028 3550 quaeso,
2054 3470 2185 3548 aliquus
2208 3488 2274 3533 mo-

587 3585 680 3646 menti
702 3600 770 3646 esse
792 3581 883 3645 rerba
905 3580 1044 3644 mulieris
1066 3578 1177 3643 haecce
1200 3584 1244 3652 (v.
1265 3572 1365 3652 ldtz'

1052 3710 1074 3768 ιι
1098 3711 1224 3787 χθόνιοι
1247 3722 1323 3782 θεοί,
1348 3712 1460 3771 ordume
1486 3715 1567 3771 παῖδ’
1592 3712 1676 3789 ι’μὸν,

1051 3824 1083 3886 ὃς
1103 3823 1197 3899 μόνος
1219 3832 1310 3880 orror
1332 3824 1436 3903 t'iyxop'
1459 3825 1544 3899 ἇμὼν

1052 3933 1105 4003 nir
1127 3934 1263 4009 χιονῶδη
1288 3934 1406 4014 Θρῄκην
1430 3947 1549 4011 κατέχει

1055 4050 1152 4108 ξείνου
1176 4058 1298 4123 πατρίου
1322 4053 1490 4120 φυλακαῖσι.

590 4174 658 4249 (Cf.
681 4194 707 4235 ι.
730 4174 800 4249 73.)
844 4172 933 4251 Quae
955 4174 981 4233 si
1004 4180 1084 4234 tanta
1106 4174 1132 4233 ιι
1157 4174 1259 4251 primo
1281 4174 1351 4235 loco
1374 4174 1574 4251 collocantur,
1601 4177 1626 4237 si
1650 4194 1755 4255 porro.
1777 4192 1857 4255 quae
1879 4176 1979 4237 strum
2003 4184 2173 4255 sequuntur
2195 4180 2279 4235 irco.

587 4316 617 4396 ιιι
633 4290 712 4357 urta,
736 4284 773 4347 ad
789 4282 937 4363 Polydori
961 4300 1010 4346 res
1033 4286 1163 4346 maxime
1188 4283 1306 4347 celeras
1321 4301 1447 4350 necesse
1464 4294 1520 4363 est,
1543 4290 1662 4350 cuinam
1680 4305 1741 4349 uon
1756 4288 1856 4349 statim
1871 4302 2054 4365 persuasum
2071 4295 2128 4366 est,
2150 4288 2278 4348 actionis

590 4400 752 4464 cardinem
774 4399 804 4459 iu
836 4397 884 4457 his
911 4397 989 4474 ipsis
1015 4394 1161 4475 Polydori
1191 4396 1283 4458 rebus
1305 4398 1479 4474 positurum
1500 4414 1568 4460 esse
1592 4396 1738 4476 poetam?
1783 4398 1865 4459 Etsi
1888 4399 1957 4475 tynis
1980 4414 2041 4457 uon
2066 4397 2158 4481 modo
2181 4408 2279 4460 extre·

592 4530 672 4575 ntem
696 4510 789 4588 nirjus
811 4509 920 4571 cantici
943 4516 1062 4586 partem
1086 4506 1124 4570 ad
1147 4516 1267 4586 spectra
1289 4508 1328 4570 de
1347 4507 1522 4588 Polyxenae
1545 4508 1668 4572 fortuna
1691 4511 1803 4572 versari
1827 4496 1960 4587 objiciat,
1983 4508 2055 4587 quid
2080 4508 2200 4571 undem
2223 4509 2283 4571 hoc

591 4624 631 4687 ad
653 4621 744 4686 remi
786 4620 866 4682 Num
889 4619 969 4686 iude.
993 4618 1037 4700 id,
1055 4618 1144 4698 quod
1167 4620 1268 4683 solum
1290 4591 1464 4699 quaeritur,
1487 4620 1592 4702 colligi
1615 4621 1695 4695 licet,
1717 4623 1822 4700 priore
1838 4630 1923 4698 parte
1938 4622 2087 4683 contineri
2103 4621 2279 4697 primariam

592 4732 740 4813 partein?
783 4733 891 4809 immo,
914 4729 997 4804 freti,
1020 4739 1053 4791 ιιι
1075 4748 1132 4809 par
1154 4740 1210 4809 est,
1234 4740 1298 4793 arte
1320 4738 1350 4792 et
1372 4732 1496 4810 iugenio
1522 4740 1649 4809 poetae,
1681 4749 1771 4811 quem
1795 4733 1935 4794 consulto
1967 4739 1995 4794 et
2022 4749 2084 4793 non
2110 4733 2174 4793 sine
2197 4730 2279 4808 justa

593 4837 684 4910 causa
706 4846 787 4907 hunc
810 4858 914 4906 rerum
937 4842 1077 4903 ordinem
1100 4843 1266 4905 instituisse
1290 4842 1461 4921 paullisper
1476 4842 1662 4921 putabimus,
1687 4860 1765 4906 nrtnc
1783 4843 1905 4922 quidem
1926 4844 1955 4905 id
1973 4845 2076 4923 potius
2093 4850 2282 4922 copulemus,

594 4959 752 5042 quoy'crc
781 4965 901 5031 noster,
930 4954 983 5034 qui
1014 4962 1114 5018 ιιιιιιιι
1145 4954 1238 5017 modo
1270 4962 1399 5017 matrem
1422 4953 1460 5017 dc
1484 4956 1536 5017 lilii
1559 4953 1622 5018 leto
1645 4956 1776 5023 maxime
1799 4955 1959 5018 sollicitam
1984 4974 2050 5017 esse
2073 4954 2283 5047 saliskiudica-

594 5073 686 5149 uerit,
717 5086 782 5132 eam
810 5068 868 5131 sub
896 5068 986 5129 lluenr
1017 5068 1124 5130 cantici
1154 5069 1184 5128 in
1211 5065 1286 5128 solis
1308 5066 1389 5129 litiae
1412 5065 1506 5129 rebius
1527 5066 1708 5129 tristissimis
1730 5069 1915 5149 cogitatione
1932 5066 2067 5131 delixam
2091 5068 2190 5130 saciat.
2235 5066 2283 5141 tlt,
