5367 6425
1176 844 1338 918 'st

1149 939 1486 951 ————----·----—n

482 1036 583 1144 (poet.
607 1065 666 1144 lll,
690 1064 767 1136 m:
799 1066 844 1127 sie
877 1063 959 1126 euim
991 1069 1120 1142 statuam
1154 1060 1258 1139 Mityis
1292 1058 1382 1140 begis
1404 1059 1599 1137 oppressisse
1632 1059 1801 1120 occisorem
1826 1053 1927 1134 Mityis
1955 1056 2170 1134 contemplanti

482 1177 634 1255 illapsam.
678 1176 755 1238 Nam
785 1176 872 1250 talia,
906 1176 1020 1252 inquit,
1053 1188 1114 1234 nou
1146 1181 1261 1234 temere
1291 1170 1432 1232 videntur
1459 1170 1537 1232 lieri.
1580 1165 1664 1246 Quid
1696 1167 1790 1246 igitur
1820 1163 1943 1228 mulla?
1988 1166 2076 1229 Utin
2099 1151 2189 1229 aliis¹

483 1287 597 1350 tabulis
625 1290 668 1350 sie
698 1289 729 1349 in
759 1283 923 1365 Sopboclis
951 1284 1114 1364 Oedipode
1143 1300 1219 1364 rege
1249 1280 1330 1344 baud
1357 1280 1497 1343 absimile
1526 1297 1582 1342 nec
1612 1279 1727 1358 opinati
1754 1294 1843 1340 casus
1865 1278 1958 1340 babes
1981 1278 2167 1357 exemplum.

482 1396 566 1479 Quid
590 1401 690 1473 euim,
713 1399 797 1476 quod
822 1415 859 1461 eo
882 1399 950 1476 ipso
973 1407 1112 1476 tempore
1134 1392 1288 1474 Polybum
1313 1400 1400 1470 poeta
1424 1399 1580 1454 mortuum
1603 1407 1670 1452 esse
1693 1391 1794 1467 linxit,
1819 1407 1881 1469 qun
1904 1391 1933 1453 in
1956 1407 2045 1454 suum
2069 1391 2168 1451 cousi·

440 1543 445 1548 -
481 1511 557 1574 bum
585 1527 624 1573 ex
652 1510 709 1573 bac
740 1526 773 1570 re
802 1506 927 1570 lortuita
956 1522 1110 1570 summum
1140 1503 1274 1567 lruetnm
1297 1520 1409 1585 capere
1431 1501 1557 1582 possiti
1601 1501 1741 1582 lienique
1763 1498 1862 1581 ipsius
1883 1503 2006 1564 lacerati
2027 1503 2169 1581 corporis

481 1629 680 1699 conspectum
710 1621 817 1702 llagitii
848 1627 927 1681 tanta
958 1618 1112 1696 impietate
1138 1620 1248 1695 patrati
1270 1593 1484 1698 gravissimum
1510 1630 1576 1677 esse
1598 1614 1816 1677 documentum
1837 1623 1930 1693 atque
1952 1614 2010 1676 tale
2033 1613 2170 1692 quidem,

480 1748 544 1811 quo
567 1734 616 1795 vix
640 1747 748 1794 carere
769 1732 867 1810 possit
890 1729 1063 1808 Euripides,
1086 1744 1146 1790 non
1169 1737 1225 1805 est,
1247 1705 1507 1809 quodfmoneam.

1281 2028 1365 2114 IV.

621 2205 783 2283 ‘Actionis
805 2219 969 2282 decursum
993 2220 1020 2280 si
1042 2226 1124 2280 recte
1147 2217 1328 2296 explanasse
1350 2219 1456 2281 adbuc
1471 2218 1615 2281 censendi
1631 2235 1749 2298 sumus,
1771 2226 1823 2280 aut
1838 2219 1900 2295 iam
1917 2218 2048 2280 concidit
2066 2225 2168 2278 uostra
2193 2279 2194 2288 ,

481 2331 520 2396 de
543 2349 604 2395 uuo
628 2339 736 2410 poetae
759 2331 889 2393 consilio
912 2332 1007 2411 ratio,
1035 2338 1102 2403 aul,
1125 2328 1257 2391 admissa
1280 2348 1337 2409 per
1359 2319 1624 2413 Agamemnonem
1648 2329 1868 2411 Polymestoris
1891 2329 2038 2405 vindicta,
2068 2329 2167 2391 diram

482 2444 628 2506 ultionem
652 2441 794 2505 Hecubae
815 2441 991 2520 expectabis
1013 2458 1113 2521 neque
1130 2441 1195 2520 jam
1221 2442 1324 2503 multis
1348 2441 1509 2505 restitando
1534 2451 1604 2504 suut
1626 2459 1673 2518 ea,
1696 2441 1776 2522 quad
1800 2437 1837 2503 'ab
1857 2441 2042 2516 Hermanno,
2065 2437 2170 2503 Schle-

479 2555 562 2637 gelio
585 2553 653 2617 aliis
676 2555 747 2617 uiris
769 2555 975 2635 sagacissimis
997 2553 1035 2615 de
1057 2570 1162 2616 rerum
1188 2570 1455 2632 personarumque
1479 2571 1599 2616 morum
1618 2552 1764 2617 foeditate
1780 2556 1857 2616 mira
1872 2571 1945 2616 saue
1960 2553 2169 2632 indignatione
2283 2621 2290 2636 ¹

479 2670 511 2730 in
542 2667 676 2729 medium
706 2675 777 2728 sont
803 2666 934 2745 prolata.
957 2660 1041 2744 ,Qui
1071 2666 1127 2726 viri
1157 2682 1251 2743 quum
1282 2684 1319 2726 ex
1351 2668 1479 2727 actionis
1509 2655 1651 2728 connexu
1674 2655 1795 2727 summo
1818 2666 1945 2728 arbitrio
1967 2673 2169 2745 segregarent

478 2777 603 2842 labttlae
626 2778 832 2840 tristissimum
857 2778 988 2852 exitum,
1012 2777 1154 2838 nimirum
1178 2776 1259 2838 bnuc
1282 2775 1408 2839 foedum
1433 2793 1500 2838 esse
1523 2777 1580 2838 sibi
1604 2776 1694 2839 laeile
1718 2785 1954 2856 persuaserunt,
1983 2778 2070 2853 quasi
2094 2775 2168 2837 nibil

478 2891 698 2972 propositurus
731 2885 840 2950 luisset
872 2897 962 2966 poeta
990 2904 1130 2950 summus
1161 2889 1218 2950 uisi
1249 2887 1496 2950 crudelissimum
1526 2889 1654 2951 malefici
1683 2888 1841 2966 cujusdam
1872 2887 2074 2967 supplicium,
2106 2903 2168 2965 quo

481 3020 575 3085 quam
598 3001 732 3065 maxime
754 2998 886 3062 horrore
908 2998 1148 3076 pertunderetur
1170 3000 1276 3062 iulima
1293 2996 1458 3077 plebes.²⁶)
1490 2999 1606 3062 Verum
1624 3008 1722 3063 tamen
1739 3018 1819 3080 quae
1833 3001 1871 3062 iis
1888 2998 1990 3079 laeda,
2014 3000 2170 3073 immania,

480 3114 670 3178 detestabilia
699 3114 760 3174 visa
788 3121 878 3187 srrnt,
907 3130 943 3175 ea
973 3112 1054 3174 baud
1081 3129 1169 3175 secus
1199 3111 1236 3173 ab
1260 3110 1379 3173 idoneis
1402 3112 1537 3174 consiliis
1559 3112 1743 3186 abhorrent,
1773 3110 1855 3174 baud
1878 3128 1966 3173 secus
1988 3111 2098 3172 rationi
2121 3127 2170 3172 re-

479 3238 635 3310 pugnant,
666 3243 702 3288 ac
730 3241 810 3305 quae
840 3224 948 3286 siruilis
977 3226 1101 3306 generis
1128 3226 1158 3285 iu
1181 3226 1304 3302 optimis
1325 3225 1457 3286 aliorum
1481 3228 1668 3304 tragicorum
1692 3223 1803 3288 labulis
1826 3242 1887 3287 non
1909 3223 2002 3286 modo
2024 3232 2170 3305 aguntur,

468 3338 534 3409 ⁴sed
559 3340 587 3400 io
611 3338 678 3416 ipsa
699 3352 791 3398 scena
812 3344 1018 3415 spectatorum
1041 3336 1138 3398 oculis
1160 3342 1390 3413 proponuntur.
1436 3333 1481 3396 liu
1505 3334 1584 3396 iorte
1603 3336 1753 3417 negabis,
1782 3336 1903 3416 siquid
1926 3353 1982 3417 pet·
2004 3356 2037 3400 se
2060 3346 2170 3399 tetrum

474 3449 549 3528 Jure
571 3448 676 3527 aliquo
698 3447 799 3524 dicas,
828 3447 858 3510 id
883 3456 983 3509 tamen
1006 3448 1126 3524 ipsum,
1157 3446 1249 3508 modo
1278 3446 1391 3508 excelsi
1415 3446 1489 3525 quid
1513 3448 1648 3510 innatum
1672 3449 1731 3510 sibi
1753 3456 1843 3526 atque
1865 3448 2028 3511 admistum
2051 3450 2171 3528 babeat,

477 3561 524 3623 rel
555 3562 594 3623 ab
623 3562 691 3638 ipso
724 3559 831 3622 ellectu
862 3566 972 3621 tetrum
1000 3575 1067 3620 esse
1097 3557 1240 3636 desierit,
1273 3559 1304 3618 iu
1334 3559 1451 3637 tragica
1480 3567 1563 3621 certe
1594 3560 1681 3637 poesi
1703 3558 1923 3622 admittendum
1946 3558 2042 3621 esse?
2085 3558 2168 3637 Quid

480 3674 594 3753 igitur,
610 3688 705 3751 quum
729 3678 936 3749 consequatur
957 3686 1081 3732 necesse
1104 3670 1143 3731 sit
1164 3686 1203 3731 ex
1226 3687 1261 3731 ea
1283 3672 1489 3753 contentione,
1512 3687 1592 3749 quae
1614 3670 1652 3731 ad
1670 3654 1821 3733 summam
1837 3672 2009 3733 acerbitatis
2024 3689 2169 3734 cacumen

479 3784 562 3846 baud
584 3788 668 3846 'saue
700 3792 831 3858 temere,
868 3764 922 3843 s'ed
952 3782 997 3843 vel
1030 3782 1160 3844 maxime
1189 3781 1382 3843 considerate
1411 3800 1429 3845 a
1459 3790 1550 3860 poeta
1573 3781 1719 3860 perducta
1742 3783 1796 3857 sit,
1826 3780 2045 3862 Polymestoris
2067 3783 2168 3845 dirum

479 3896 685 3975 supplicium,
715 3875 797 3973 quid*
813 3894 881 3957 dico
904 3894 1115 3971 improbemus
1137 3895 1167 3954 iu
1191 3891 1355 3970 Euripide,
1386 3910 1448 3971 quo
1472 3895 1668 3971 antiquorum
1692 3894 1879 3973 tragicorum
1901 3895 1932 3954 in
1956 3894 2168 3971 perspicienda

478 4017 586 4070 natura
616 4005 799 4069 feminarum
829 4021 921 4068 nemo
943 4005 1000 4067 luit
1022 4007 1154 4081 acutior,
1184 4005 1268 4083 quod
1291 4007 1323 4066 in
1350 4006 1449 4085 bugin
1472 4007 1674 4067 celeberrimo
1696 4007 1825 4067 summis
1847 4004 1989 4067 laudibus
2011 4021 2168 4081 ornamus,
2238 4082 2239 4089 ἵ

480 4121 507 4182 is
529 4134 625 4198 quum
648 4120 836 4181 atrocissima
867 4133 1007 4197 quaeque
1031 4117 1214 4179 feminarum
1237 4116 1364 4178 consilia
1390 4114 1546 4196 laetaque,
1578 4101 1610 4179 ut
1632 4120 1661 4179 iu
1685 4117 1782 4180 Learo
1806 4134 1890 4198 rege,
1913 4116 2062 4180 exbibet?
2107 4116 2168 4181 Nec

478 4248 571 4307 sane,
601 4248 638 4292 ne
661 4230 720 4292 alia
742 4230 876 4309 amplius
899 4227 1040 4305 alleram,
1071 4228 1100 4289 in
1124 4229 1246 4292 llecuba
1270 4230 1439 4309 quidquam
1463 4229 1573 4291 durius
1595 4230 1745 4293 inuenitur
1766 4246 1859 4307 quam
1881 4227 2069 4291 horrendum
2093 4229 2166 4292 illud

480 4354 598 4414 nascor,
623 4351 651 4402 rt
667 4339 795 4409 corvin,
819 4348 925 4413 uentis
950 4339 1087 4403 Electrae
1109 4336 1302 4419 Sopbocleae
1324 4356 1444 4403 summa
1475 4342 1505 4401 in
1534 4349 1662 4403 matrem
1693 4338 1809 4404 ferocia
1836 4342 2005 4403 saevientis.
2050 4338 2168 4420 Quam·

479 4456 621 4532 quamsi
643 4453 716 4534 quid
741 4456 770 4513 in
794 4454 841 4513 bis
864 4451 957 4514 rebus
980 4451 1069 4513 nobis
1090 4451 1216 4530 quidem
1240 4452 1368 4527 durius,
1395 4462 1487 4530 atque
1509 4452 1547 4514 ab
1569 4455 1653 4514 omui
1675 4452 1862 4514 humanitate
1884 4451 2017 4514 alienum
2040 4452 2168 4531 videtur,

481 4567 578 4645 probe
607 4564 770 4626 tenendum
801 4565 875 4640 erit,
906 4561 988 4641 apud
1020 4560 1155 4625 Graecos
1186 4564 1342 4626 inimicum
1374 4563 1553 4627 inexorabili
1586 4562 1657 4623 odio
1689 4564 1835 4641 prosequi
1865 4571 1949 4625 retus
1979 4581 2046 4625 esse
2068 4564 2166 4625 bonae

478 4677 710 4738 existimationis
739 4683 937 4754 praeceptum
969 4691 1141 4752 eorumque
1163 4676 1303 4737 moribus
1326 4678 1448 4753 penitus
1470 4676 1615 4752 inlisum,
1646 4673 1730 4753 quod
1753 4674 1897 4753 quidem,
1927 4686 1959 4737 ut
1980 4676 2167 4756 tragicorum

588 4924 622 4984 ²⁸)
641 4923 732 4974 Herm.
752 4925 832 4985 gruel.
859 4925 900 4974 17.
931 4922 1035 4983 Sebleg.
1055 4923 1144 4973 liram.
1163 4923 1235 4974 Vorl.
1255 4924 1277 4986 1,
1300 4935 1325 4985 p.
1341 4923 1412 4974 2⁷5:
1433 4925 1477 4973 dle
1497 4926 1585 4976 aurite
1605 4924 1694 4975 Hillte
1713 4927 1826 4973 nerstdrt
1846 4924 1919 4973 diese
1939 4924 2071 4974 senuereu
2091 4926 2166 4975 lilib-

480 5024 581 5074 rungen
601 5008 660 5075 (tt)
684 5014 729 5062 der
755 5019 841 5063 cisun
867 5012 957 5062 llillte
982 5012 1028 5061 eui
1050 5014 1110 5061 eine
1136 5012 1234 5061 bdcbst
1254 5012 1448 5075 wlderwirtige
1467 5014 1524 5064 Art.
1562 5011 1607 5063 Sle
1628 5014 1662 5063 ist
1681 5012 1810 5073 angaltillt
1828 5012 1877 5060 mlt
1896 5013 1942 5060 der
1962 5015 2165 5077 reebsiielrtigen

480 5100 625 5153 lllnterllst
644 5104 689 5153 der
709 5103 816 5153 lleeuba
836 5128 872 5141 -·
890 5129 936 5152 -.
