5367 6425
1406 827 1450 892 nt

750 1292 817 1355 lam
840 1291 888 1354 ltis
912 1293 1057 1372 expositis
1079 1291 1119 1354 de
1140 1292 1178 1354 iis
1200 1292 1330 1354 breuiter
1354 1309 1480 1358 monere
1503 1295 1603 1370 liceat,
1626 1312 1706 1375 quae
1728 1297 1868 1375 inprimis
1885 1296 1923 1359 ab
1939 1296 2115 1360 Hermanno
2134 1299 2173 1360 de
2188 1299 2273 1363 laesa

582 1409 613 1469 in
643 1406 765 1482 llecuba
793 1404 898 1469 lancta
925 1406 1054 1467 actionis
1083 1405 1196 1468 unitate
1227 1412 1381 1482 tamquam
1412 1405 1450 1468 de
1481 1424 1513 1468 re
1543 1407 1616 1469 satis
1640 1406 1798 1486 explorata
1820 1406 1911 1470 allata
1936 1418 2016 1471 sunt.
2061 1410 2089 1471 ls
2111 1412 2207 1492 igitur
2228 1414 2275 1475 vir

582 1519 859 1599 praestantissimus
886 1517 970 1597 qnod
992 1516 1080 1593 dicit,
1110 1525 1140 1579 et
1160 1515 1355 1596 Polymestor
1376 1517 1583 1580 interemisset
1603 1515 1813 1597 Polydorum,
1842 1519 1868 1580 si
1892 1536 1929 1581 ne
1952 1528 2019 1582 nata
2044 1521 2169 1600 quidem
2192 1532 2274 1588 esset
2361 1539 2368 1554 ·

581 1629 747 1711 Polyxena,
769 1627 954 1710 Polyxenam
976 1637 1077 1691 autem
1103 1628 1161 1690 sibi
1182 1627 1347 1691 sacrificari
1371 1629 1565 1708 poposcisset
1587 1629 1738 1706 Achilles,
1766 1631 1793 1692 si
1815 1630 1918 1693 nullus
1941 1648 2074 1711 unquam
2098 1633 2274 1714 Polydorus

582 1741 701 1817 luisset,
724 1742 753 1805 id
777 1757 867 1803 nemo
891 1756 951 1802 non
973 1741 1078 1802 statim.
1096 1739 1264 1815 coneedet;
1290 1748 1422 1802 attamen
1445 1738 1523 1802 duas
1547 1741 1683 1803 actiones
1705 1741 1751 1804 rel
1772 1741 1904 1804 duarum
1928 1742 2156 1823 tragoediarum
2179 1762 2273 1826 argu·

581 1862 682 1917 menta
704 1855 859 1915 continere
882 1852 1018 1915 fabulam
1043 1861 1180 1930 ternpore
1203 1850 1339 1932 quidem,
1362 1851 1415 1914 sed
1439 1867 1499 1913 non
1515 1869 1550 1913 re
1567 1853 1739 1930 conjuncta,
1760 1860 1813 1915 aut
1828 1855 1952 1936 negabit
1964 1863 2017 1917 aut
2031 1872 2111 1934 quae
2126 1854 2274 1934 diximus,

579 1969 670 2047 plane
690 1965 860 2045 abjicienda
883 1972 963 2027 sunt.
1008 1964 1080 2026 lnde
1104 1966 1185 2027 enim
1208 1964 1329 2026 elucere
1352 1971 1444 2042 patet,
1467 1981 1504 2026 ex
1531 1973 1612 2025 certa
1636 1963 1768 2043 quadam
1791 1967 1905 2047 troglea
1921 1967 2080 2044 sententia,
2104 1984 2164 2045 qua
2180 1968 2271 2047 qnid·

581 2077 654 2157 quid
678 2078 871 2155 proponitur,
893 2079 1132 2158 constringatur,
1156 2076 1327 2137 universam
1351 2077 1500 2137 actionem
1529 2078 1569 2138 ita
1589 2092 1699 2137 nexam
1714 2084 1806 2155 atque
1822 2093 2002 2155 suspensam
2018 2095 2097 2152 esse,
2120 2086 2153 2140 ut
2169 2097 2270 2159 oeque

580 2189 754 2270 Polyxenae
787 2188 995 2250 immolatione
1027 2195 1124 2249 totum
1157 2183 1308 2249 elliciatur
1335 2187 1468 2249 detracta
1496 2158 1719 2265 Polymestoris
1749 2186 1878 2249 vindicta
1907 2205 2008 2267 neque
2037 2190 2113 2252 haec
2142 2190 2270 2271 quidem

580 2309 661 2364 recte
692 2300 836 2380 procedat
864 2299 982 2363 sublata
1009 2302 1114 2377 priore
1137 2306 1232 2377 parte.
1277 2299 1326 2376 nt,
1347 2300 1373 2360 si
1395 2298 1469 2380 quid
1493 2296 1602 2373 video,
1631 2315 1692 2358 non
1716 2315 1751 2359 ea
1774 2300 1816 2359 vis
1838 2305 1884 2361 est
1905 2301 2070 2378 primariae
2091 2301 2175 2364 illius
2196 2301 2271 2366 artis

580 2415 714 2494 tragicae
747 2412 835 2493 legis,
868 2418 901 2473 ut
922 2411 1050 2472 actionis
1082 2410 1183 2472 unitas
1212 2409 1342 2490 cogitari
1371 2410 1468 2488 possit
1498 2409 1583 2472 nulla
1613 2409 1672 2471 nisi
1702 2410 1732 2470 iu
1754 2411 1882 2471 ardonis
1904 2410 1950 2474 rel
1973 2411 2074 2491 potius
2096 2415 2289 2496 argumenti.

581 2521 774 2600 simplicitate
781 2542 791 2599 ;
814 2522 912 2584 obstat
934 2521 1059 2601 quidem
1081 2518 1280 2584 lloratiannm
1302 2520 1397 2583 illud:
1427 2520 1561 2600 denique
1584 2523 1621 2584 sit
1643 2520 1773 2600 quodvis
1795 2524 1924 2601 simplex
1946 2523 2103 2582 dumtaxat
2124 2532 2152 2582 et
2170 2543 2271 2596 ccum,

580 2634 665 2715 quod
698 2642 895 2714 praeceptum
928 2634 1065 2713 quamvis
1099 2634 1129 2694 in
1162 2633 1358 2710 antiquorum
1393 2633 1566 2714 tragoedias
1601 2632 1748 2710 qrtadret,
1781 2639 1882 2695 tamen
1918 2635 2123 2697 recentiorum
2158 2632 2272 2698 labulis

581 2762 711 2825 prorsus
740 2745 882 2821 diluitur;
911 2762 1011 2824 neque
1042 2744 1221 2807 Aristoteles
1246 2760 1343 2821 quttm
1373 2760 1498 2806 necesse
1528 2759 1619 2805 unam
1645 2742 1855 2818 (einlreitliclr)
1878 2761 1945 2808 esse
1968 2747 2141 2827 argumenti
2163 2747 2272 2826 tragici

581 2858 837 2935 compositionem
854 2862 981 2936 (μῦθον,
995 2854 1036 2919 cl.
1054 2863 1136 2935 poet
1152 2854 1204 2932 Vl,
1220 2855 1254 2927 8)
1270 2871 1337 2918 esse
1353 2854 1488 2930 doceret,
1511 2871 1615 2917 rerum
1630 2857 1814 2931 varietatem,
1836 2859 1925 2934 quasi
1939 2854 2009 2920 inde
2032 2872 2092 2919 urna
2115 2859 2271 2937 nunquam

580 2970 656 3032 oriri
678 2978 783 3048 posset
803 2972 893 3044 actio,
914 2987 932 3030 a
954 2967 1121 3051 tragoediis
1144 2968 1311 3046 prohibuit.
1345 2963 1542 3046 Quamquam
1570 2965 1762 3030 llermannns
1784 2969 1814 3029 in
1832 2981 1870 3030 eo
1886 2969 1954 3045 ipso
1971 2963 2147 3049 Stagiritam
2163 2983 2268 3030 secum

579 3077 681 3143 lacere
702 3081 863 3162 gloriatur,
886 3080 1078 3160 quodponit,
1101 3081 1213 3142 rationi
1235 3096 1411 3160 repugnare
1434 3080 1583 3161 conjungi
1606 3080 1765 3159 inunum,
1788 3097 1868 3158 qtrae
1891 3095 1952 3142 non
1975 3080 2033 3142 sint
2057 3087 2272 3158 crematque

579 3200 613 3257 nt
634 3199 737 3272 partes
759 3193 804 3255 rei
824 3191 946 3269 allerri,
975 3208 1054 3272 quae
1076 3208 1138 3255 non
1160 3193 1221 3254 sint
1242 3197 1356 3270 partes.
1403 3190 1441 3254 dt
1461 3192 1518 3255 lrac
1543 3193 1792 3274 ratiocinatione,
1817 3207 1897 3273 qnae
1920 3191 2044 3271 quidem
2069 3193 2172 3274 magni
2194 3191 2269 3271 qnid

579 3321 692 3369 sonare
723 3305 860 3380 videtur,
892 3304 930 3366 ad
962 3320 1058 3366 unum
1087 3319 1194 3366 omnes
1222 3311 1347 3383 poetas,
1382 3305 1435 3385 qui
1463 3304 1666 3383 multiplicem
1698 3321 1801 3368 rerum
1831 3306 2005 3367 varietatem
2028 3310 2270 3384 proposuerunt,

579 3418 687 3496 capitis
716 3416 863 3479 damnare
890 3433 984 3478 ansus
1009 3425 1070 3493 est,
1104 3417 1192 3495 quasi
1222 3416 1401 3491 biennes,
1434 3416 1464 3477 in
1488 3416 1604 3496 quibus
1626 3423 1697 3477 sunt
1717 3414 1927 3489 celeberrimi,
1962 3424 1994 3477 ut
2017 3415 2134 3478 ratione
2157 3415 2269 3493 orbati,
2337 3410 2338 3417 ’

579 3530 747 3610 principale
775 3527 851 3591 illud
879 3536 1077 3607 praeceptum
1104 3528 1283 3611 grauissime
1312 3518 1505 3590 violassent'
1531 3524 1652 3606 Quidni
1681 3525 1777 3601 duas,
1806 3526 1914 3605 quidni
1947 3526 2123 3606 complures
2156 3544 2206 3589 res
2240 3528 2271 3587 in

579 3657 672 3704 atnam
692 3642 842 3703 actionem
865 3621 1057 3721 conjungere
1079 3638 1167 3701 liceat
1185 3639 1351 3717 unicuique
1369 3648 1488 3718 poetae,
1513 3639 1608 3701 modo
1631 3654 1740 3699 omncs
1762 3638 1792 3699 in
1815 3654 1910 3700 unum
1928 3638 2018 3701 linem
2031 3647 2068 3701 ut
2082 3638 2270 3720 conspirent,

577 3753 644 3831 ipsa
666 3753 782 3835 ingenii
804 3759 869 3814 arte
897 3758 925 3812 et
956 3748 1115 3827 disciplina
1147 3748 1296 3812 elliciatnr
1324 3748 1457 3829 ideoque
1486 3757 1591 3830 partes
1620 3748 1755 3825 evadant,
1780 3766 1859 3828 qnae
1883 3765 1939 3827 per
1961 3766 1993 3813 se
2016 3750 2141 3828 quidem
2166 3759 2268 3830 partes

580 3881 641 3926 non
671 3860 810 3925 luerint?
853 3861 890 3923 Et
915 3878 987 3923 sane
1012 3862 1042 3922 in
1066 3861 1143 3923 hanc
1165 3862 1377 3940 quaestionem
1400 3862 1530 3939 alicujus
1555 3862 1705 3923 momenti
1728 3870 1799 3923 sunt
1820 3877 1898 3942 qnae
1922 3861 2002 3943 llug.
2025 3858 2187 3944 Schlegel,
2217 3862 2272 3941 qui

579 3983 625 4037 est
646 3977 724 4037 inter
743 3973 959 4035 acerbissimos
981 3972 1078 4034 nostri
1099 3973 1334 4052 vituperatores,
1356 3972 1395 4037 de
1417 3975 1546 4035 actionis
1573 3974 1689 4036 unitate
1712 3974 1838 4053 egregie
1862 3974 2015 4052 exposuit.
2060 3968 2157 4051 Cujrrs
2179 3974 2270 4037 verba

578 4086 674 4150 allero
698 4086 808 4148 haecce
839 4083 960 4158 (liram.
983 4084 1071 4147 Vorl.
1095 4084 1131 4161 ll,
1155 4102 1185 4163 p.
1209 4085 1281 4155 tttt:
1311 4085 1362 4148 die
1385 4086 1542 4157 einzelnen
1570 4084 1678 4147 Theile
1701 4086 1785 4147 eines
1809 4084 2011 4148 llnnstwerlcs
2033 4084 2142 4148 dienen
2158 4086 2269 4167 insge·

579 4204 690 4269 sammt
717 4198 816 4259 einem
846 4196 1049 4278 allgemeinen
1078 4194 1208 4272 Zweclt,
1238 4196 1370 4260 ntmliclr
1402 4198 1500 4259 einern
1533 4192 1840 4260 Gesammtcindruclr
1870 4194 1928 4259 aul
1945 4196 2000 4259 das
2024 4194 2166 4261 Gemtttlr.
2211 4193 2269 4259 Die

579 4448 681 4510 haben3
707 4449 740 4496 ott
766 4447 808 4497 leh
834 4449 916 4496 sciron
936 4448 1030 4508 weiss,
1058 4448 1122 4495 dass
1148 4447 1214 4496 viclo
1239 4447 1289 4495 den
1317 4448 1459 4509 Stagiriten
1486 4459 1517 4495 so
1538 4448 1690 4496 rerstelen.
1731 4448 1806 4497 Denn
1827 4447 1876 4497 das
1896 4447 2061 4497 linnststiick
2080 4450 2149 4497 wire
2169 4450 2222 4497 itum
2242 4448 2269 4508 lc

579 4536 646 4585 volnt
671 4536 732 4585 ltcld
757 4533 895 4596 cbgclemt
919 4535 972 4584 und
996 4534 1043 4583 der
1069 4534 1210 4598 Stiimper,
1243 4534 1290 4584 der
1313 4535 1375 4585 brev
1395 4538 1500 4599 uriirgen
1522 4534 1574 4585 und
1596 4538 1707 4586 morden
1727 4535 1781 4585 und
1804 4538 1880 4586 letne
1899 4536 1987 4586 seiner
2007 4536 2144 4586 Personen
2165 4538 2267 4597 genend

579 4626 644 4675 oder
667 4624 789 4685 tenendis
813 4635 864 4673 von
888 4624 934 4673 der
960 4623 1052 4673 ttdnne
1077 4623 1200 4673 hommes
1226 4624 1310 4687 ttsst,
1337 4624 1427 4675 uriirde
1446 4625 1504 4674 sien
1526 4625 1593 4675 eben
1617 4638 1649 4674 sc
1670 4626 1787 4685 tragiscn
1808 4625 1912 4675 diinkeu
1932 4625 2025 4676 diirien
2046 4627 2094 4675 uie
2112 4624 2265 4687 Euripides.

578 4719 613 4768 lit
632 4715 750 4777 proiecto
769 4714 845 4778 iliud,
866 4714 938 4775 quod
958 4714 991 4762 de
1010 4714 1082 4763 tristi
1100 4712 1192 4776 Enrip.
1206 4712 1355 4763 tabularum
1375 4716 1443 4764 eritu
1464 4716 1564 4780 dicunt,
1585 4715 1654 4766 satis
1674 4714 1842 4764 decantatum
1862 4714 1973 4767 videtur.
2006 4714 2143 4776 Tanquam
2159 4716 2268 4767 omuino

578 4808 635 4857 lieri
654 4806 756 4869 possit,
783 4812 812 4853 ut
830 4805 916 4854 exitus
935 4803 1048 4865 alienius
1068 4803 1192 4866 tabulae,
1222 4804 1298 4864 culus
1318 4812 1409 4865 partes
1428 4806 1614 4856 concedentes
1640 4803 1714 4853 nullo
1741 4805 1820 4851 modo
1847 4804 1917 4871 nnnc
1944 4804 1969 4854 iu
1996 4804 2074 4853 duem
2100 4806 2267 4869 conspirent,

577 4908 637 4947 vere
663 4896 780 4955 tragicus
804 4890 856 4942 sit!
895 4890 985 4957 anre
1008 4893 1088 4942 etiarn
1114 4892 1302 4953 philosophum
1329 4894 1418 4943 verbis
1445 4894 1625 4944 vexatissimis
1655 4898 1682 4942 st
1700 4891 1748 4940 καὶ
1770 4887 1808 4941 sd
1828 4890 1918 4941 cilia
1935 4887 1973 4960 μὴ
1995 4896 2022 4949 ἐς
2041 4889 2188 4961 σ’κονομιῖ
2214 4909 2268 4945 non

578 4991 631 5035 um
652 4986 801 5033 universnm
820 4981 970 5032 tabularum
989 4982 1229 5046 compositionem,
1255 4983 1303 5031 sed
1325 4984 1429 5043 singula
1449 4985 1578 5045 quaedam
1604 5010 1638 5021 -
1659 4983 1785 5044 prologos
1805 4983 1883 5048 dico,
1909 4984 1983 5035 olori
2003 4986 2124 5049 cantica,
2150 4986 2217 5035 deos
2236 4998 2265 5034 ar

577 5075 711 5138 maenius,
731 5074 783 5123 clia
802 5098 837 5107 -
856 5079 949 5133 poetae
968 5074 1032 5122 vitio
1051 5074 1162 5124 uertisse
1181 5074 1328 5123 statuerim.
