5367 6425
1401 831 1442 896 tis

573 1046 621 1108 est
648 1039 827 1116 principalis
845 1018 976 1103 'boene
1004 1039 1103 1117 actio,
1134 1047 1166 1102 ut
1194 1038 1410 1116 probabilitate
1428 1036 1540 1114 aliqua
1563 1036 1767 1114 licripossit,
1797 1044 1921 1110 nester,
1951 1051 2045 1114 quum
2069 1037 2265 1104 discedatab

575 1151 722 1227 autiquae
745 1150 920 1231 tragoediae
941 1151 1068 1215 actionis
1089 1150 1298 1228 simplicitate,
1321 1150 1351 1212 in
1375 1149 1579 1214 recentiorum
1603 1150 1790 1228 tragicorum
1815 1147 1945 1210 modum
1959 1151 2146 1212 actiouisuel
2162 1153 2265 1228 potins

576 1259 748 1336 laetorum,
768 1277 847 1339 quae
868 1261 900 1322 in
923 1260 1054 1325 eundem
1075 1264 1167 1325 mem
1190 1263 1386 1338 conspirent,
1406 1261 1549 1324 uarietate
1573 1262 1676 1322 utitur.
1723 1257 1825 1338 Quam
1850 1260 1893 1320 ita
1912 1259 2065 1338 disposuit
2088 1269 2197 1338 poeta,
2218 1269 2262 1343 nt,

575 1389 672 1451 quum
697 1372 814 1451 duplici
836 1372 919 1436 malo
939 1370 1063 1437 Hecuba
1086 1369 1244 1446 obruatur,
1266 1381 1410 1451 utroque,
1432 1371 1605 1451 Polyxenac
1628 1379 1659 1432 et
1680 1369 1826 1450 Polydori
1851 1387 1925 1434 nece
1947 1373 2076 1434 κιιοιιιι
2096 1373 2264 1450 implicatio

573 1485 679 1561 ,(ιιισις
701 1485 772 1549 slve
788 1483 919 1564 nturi),
937 1485 1124 1562 ¹posteriorc
1154 1485 1285 1549 manime
1315 1484 1428 1546 solutio
1460 1482 1578 1560 (tice)
1610 1480 1769 1546 elllaiatur.
1812 1481 1880 1544 lam
1903 1483 2168 1563 ouumsPolydnri
2190 1501 2264 1546 acce

575 1595 679 1658 audita
708 1612 837 1673 eornm,
867 1613 947 1673 onae
975 1602 1126 1676 aguntor,
1160 1597 1288 1657 mutatio
1316 1596 1349 1656 in
1369 1595 1558 1656 contrarium
1580 1595 1645 1667 liat,
1675 1595 1772 1670 ipsam
1796 1594 1980 1656 stitutionem
2003 1611 2061 1672 per
2084 1597 2264 1674 peripctiaan

576 1709 692 1768 institui
726 1707 870 1785 adparet:
904 1707 1015 1770 etenim
1050 1722 1086 1768 ea
1120 1705 1248 1779 mulier,
1278 1722 1358 1785 quae
1387 1721 1483 1784 cuum
1513 1713 1545 1768 ut
1573 1706 1780 1768 infirmissima
1811 1702 2000 1768 Graecorum
2022 1706 2147 1770 decreto
2169 1705 2268 1785 cedat,

577 1820 753 1882 miserrime
779 1819 959 1884 succumbat
985 1835 1040 1882 nec
1064 1827 1162 1881 manen
1186 1833 1320 1895 aequum
1342 1826 1434 1895 atque
1456 1817 1657 1896 tranquillone
1679 1817 1986 1897 antnnndepcnn,
2008 1817 2169 1880 accedente
2191 1834 2268 1880 nouo
2324 1867 2326 1870 .

576 1931 658 1994 rualo
689 1946 790 2008 eoque
817 1930 909 2009 louge
940 1929 1037 1992 altero
1068 1930 1230 2010 grauiore,
1262 1928 1345 2005 qnod
1375 1903 1475 2000 umen
1498 1945 1603 1990 ansam
1627 1930 1655 1990 ei
1679 1927 1903 2007 expiandorum
1924 1930 2062 1992 omnium
2084 1930 2265 2007 iniuriarum

577 2043 734 2122 praebeat,
757 2043 787 2102 in
812 2057 963 2106 summam
987 2039 1151 2103 ulciscendi
1166 2039 1363 2118 cupiditatem
1381 2049 1408 2101 et
1423 2041 1537 2120 agendi
1551 2041 1710 2104 natitatem
1726 2041 1896 2118 abripitur:
1920 2057 1980 2118 otta
1995 2041 2039 2118 lit,
2062 2050 2095 2106 ιιι
2108 2049 2265 2120 pomremo

577 2155 711 2219 obtineat
734 2161 826 2232 atque
849 2153 978 2217 alterius
996 2153 1110 2216 inimici
1133 2167 1193 2229 ope
1208 2158 1238 2212 et
1253 2152 1427 2228 proditione
1441 2153 1582 2226 alterum,
1605 2152 1686 2216 illius
1701 2153 1819 2215 socium
1835 2162 1864 2216 et
1878 2153 2010 2214 amicum
2026 2153 2098 2214 diro·
2114 2153 2265 2230 supplicia

578 2265 765 2344 pessumdet.
797 2299 838 2308 --
883 2262 976 2343 Quod
1006 2280 1101 2342 qttum
1132 2261 1171 2325 de
1201 2260 1324 2326 fabulae
1353 2264 1533 2326 oeconomia
1557 2279 1757 2343 moneamus,
1789 2281 1826 2326 ne
1850 2265 1879 2326 id
1903 2262 2028 2342 uiridem
2052 2279 2165 2345 negare
2187 2263 2267 2343 licet,

577 2376 725 2456 Polydori
747 2393 853 2438 necem
878 2391 934 2452 per
954 2392 989 2438 se
1012 2391 1140 2453 prorsus
1160 2374 1293 2436 alienam
1316 2391 1385 2436 esse
1406 2392 1424 2436 a
1446 2373 1619 2454 Polyxenae
1645 2375 1869 2442 immolatione:
1893 2383 2036 2451 attamen,
2057 2391 2137 2453 quae
2157 2383 2202 2434 est
2217 2390 2266 2435 res

578 2491 731 2566 maxima,
755 2506 790 2550 ea
812 2489 891 2549 inter
913 2495 1076 2564 tetramque
1097 2483 1220 2548 tabulae
1243 2493 1363 2567 partem
1386 2487 1533 2548 interesse
1555 2485 1674 2550 uidetur
1695 2488 1793 2570 ratio,
1817 2497 1867 2565 ut,
1888 2503 2003 2565 auum,
2026 2485 2161 2548 detracto
2183 2488 2266 2550 auita

576 2601 722 2673 actionis,
738 2658 740 2661 .
756 2601 873 2676 quippe
903 2615 965 2676 nuo
995 2597 1117 2660 Hecuba
1140 2598 1272 2674 iniurias
1289 2598 1328 2658 ad
1352 2613 1446 2660 unum
1470 2614 1577 2660 omnes
1599 2599 1720 2676 expiet,
1753 2597 1927 2677 Poiyueaae
1950 2597 2158 2660 immolatione
2181 2613 2266 2658 mera

578 2712 685 2776 matris
707 2709 1092 2784 calamitas-contineatur,
1120 2727 1184 2787 qua
1203 2725 1403 2788 summopere
1426 2708 1636 2783 offendamur,
1666 2707 1887 2788 Polymestoris
1911 2709 2041 2772 vindicta
2063 2717 2092 2772 et
2114 2708 2206 2772 foeda
2229 2709 2268 2770 sit

578 2839 634 2886 uec
657 2823 796 2899 omniuo,
820 2822 874 2900 qui
898 2820 964 2882 lieri
986 2823 1083 2898 possit
1105 2822 1318 2900 perspiciatur,
1331 2821 1460 2890 sublata
1485 2823 1588 2899 priore
1610 2818 1732 2884 fabulae
1755 2829 1852 2899 parte.
1895 2821 1933 2883 Ut
1954 2828 2057 2884 autern
2078 2821 2289 2884 immeritum

578 2933 653 2996 illud
683 2932 815 3008 malunt,
844 2949 907 3009 quo
930 2929 1120 2994 Graecorum
1145 2933 1293 3009 injustitia
1316 2930 1467 3012 affligitur
1489 2933 1628 3008 Hecuba,
1658 2941 1875 3011 compensatur
1895 2933 2022 2996 terribili
2047 2932 2268 3013 Polymestoris

577 3044 706 3108 uindicta
736 3053 768 3106 ut
794 3060 857 3122 qua
886 3043 994 3105 uindex
1025 3044 1076 3106 illa
1099 3045 1249 3108 obstiterit
1270 3044 1371 3108 laesae
1390 3045 1542 3122 justitiae,
1570 3045 1612 3106 sic
1635 3044 1774 3112 mulieris
1798 3047 1913 3106 insania
1934 3053 2098 3122 conspecto
2119 3043 2267 3123 Polydori

578 3173 710 3234 corpore
733 3163 799 3217 orta
823 3164 914 3233 atone
937 3156 1039 3233 ipsum
1062 3156 1208 3219 nocueris
1230 3154 1415 3235 suppliciunt
1439 3157 1512 3219 satis
1533 3164 1697 3219 excusatur
1717 3163 1747 3219 et
1762 3157 1932 3233 explicmur
1954 3159 2003 3236 iis,
2026 3173 2104 3235 quae
2127 3154 2268 3219 trucidati

578 3268 633 3331 lilii
654 3269 843 3347 agnitionem
867 3265 1058 3329 antecedunt.
1096 3268 1213 3345 ltaque,
1236 3276 1346 3346 poetae
1367 3284 1462 3345 quum
1485 3265 1516 3328 id
1539 3276 1608 3329 ante
1630 3269 1736 3329 omnia
1756 3267 1911 3347 agendum
1935 3277 2024 3345 esset,
2048 3262 2269 3329 utostenderct

578 3380 753 3448 mulierem,
776 3395 870 3457 quam
894 3386 973 3440 tanta
997 3379 1112 3441 insania
1136 3379 1224 3442 uellet
1246 3386 1306 3441 taur
1330 3378 1398 3441 dira
1420 3386 1554 3459 patrare,
1576 3357 1653 3457 'quio
1677 3380 1823 3459 tragicam
1848 3396 1883 3445 ca
1905 3378 2083 3460 dignitatem
2107 3381 2268 3453 amitteret,

578 3507 685 3551 reuera
708 3506 798 3553 secors
819 3506 914 3569 agere
938 3506 999 3551 non
1024 3492 1177 3568 potuisse,
1208 3492 1315 3569 priore
1338 3491 1462 3553 fabulae
1485 3498 1572 3568 parte
1593 3489 1757 3563 docemur,
1780 3491 1861 3553 baud
1885 3508 1958 3553 saue
1982 3508 2098 3555 niumm
2120 3490 2269 3551 caraitlci·

493 3586 498 3589 ’
579 3619 649 3663 nam
673 3619 741 3666 esse
763 3603 893 3666 monstri
917 3602 998 3666 illius
1022 3601 1242 3681 Polymestoris
1264 3603 1370 3666 dictum
1390 3602 1587 3681 suppliciunt,
1609 3611 1715 3664 contra
1731 3602 1759 3663 id
1777 3605 1881 3681 ipsum
1899 3611 1980 3665 tanto
1997 3601 2104 3665 lurore
2120 3603 2269 3679 tantisque

579 3715 728 3775 maebinis
750 3721 902 3792 patratum
925 3714 1106 3790 simpliciter
1127 3716 1274 3792 consequi
1298 3732 1334 3777 ex
1357 3715 1453 3777 dura
1476 3732 1512 3777 ea
1534 3715 1658 3792 iniuria,
1682 3730 1775 3791 quam
1800 3714 1894 3777 modo
1910 3717 2114 3793 pastinacam
2131 3712 2267 3791 (puidam,

578 3826 633 3889 sed
656 3825 767 3890 lorlem
790 3827 1016 3889 contentionem
1039 3827 1151 3888 mirum
1172 3834 1323 3903 quantum
1342 3842 1441 3903 muno
1463 3828 1567 3889 animo
1591 3823 1752 3903 pertulerit
1773 3824 1959 3897 misera.²³)†
1989 3823 2081 3903 Quae
2101 3833 2184 3887 tanta:
2198 3826 2263 3903 y'atn

578 3954 725 4015 perpessa
747 3937 786 3999 sit
807 3944 887 3997 tanta
909 3939 1056 4017 grauitate
1079 3947 1110 3999 et
1129 3936 1291 4017 dignitate,
1323 3954 1393 3999 mm
1414 3945 1588 4001 excusatam
1610 3936 1770 4013 babemus,
1793 3937 1876 4016 quod
1900 3938 1967 3999 noui
1990 3936 2137 3999 laciaaris
2159 3940 2264 3999 immo

476 4089 480 4097 -
578 4052 672 4112 nitate
699 4050 729 4109 in
760 4064 913 4111 summam
942 4048 1106 4111 ulciscendi
1130 4049 1332 4126 cupiditatem
1362 4050 1487 4127 abrepta
1517 4049 1624 4113 eadem
1653 4050 1822 4111 constantia
1851 4048 2000 4113 outonem
2030 4052 2119 4113 unice
2141 4050 2266 4127 appetit,

579 4161 657 4225 banc
679 4162 752 4223 inita
774 4158 985 4237 subductaque
1006 4161 1125 4223 ratione
1155 4160 1334 4233 meditatam,
1349 4198 1351 4205 ·
1366 4160 1451 4223 nanc
1466 4178 1557 4241 tynam
1581 4160 1792 4225 crudelissime
1815 4162 1966 4225 conlisere
1989 4160 2131 4225 cuntibus
2153 4159 2267 4223 uiribus

579 4271 735 4335 contendit
757 4279 899 4349 unquam
923 4288 1029 4346 noum,
1051 4270 1134 4349 quod
1158 4274 1304 4351 supersit,
1326 4276 1551 4336 sanctissimum
1575 4272 1730 4347 cilicium3
1754 4288 1860 4352 porro,
1883 4262 1970 4369 uuae
1986 4274 2015 4335 in
2039 4270 2264 4335 averruncanda

579 4522 628 4584 ita,
647 4527 685 4583 nt,
704 4526 796 4581 aperto
814 4522 869 4580 jaan
888 4526 949 4569 ante
968 4520 1103 4571 renonem
1120 4520 1181 4581 ipsc
1199 4521 1258 4580 cy'ns
1277 4532 1444 4588 argumento,
1465 4524 1517 4575 tare
1536 4523 1636 4575 nnllam
1656 4523 1774 4585 uulgaris
1793 4525 1984 4585 expectationis
2006 4525 2045 4573 rel
2066 4524 2155 4584 potius
2175 4508 2288 4571 curic-'

581 4612 671 4662 sitatis
690 4611 818 4663 rationem
840 4610 958 4660 baberet.
991 4611 1042 4663 Sed
1061 4611 1158 4662 mirum
1178 4624 1243 4661 saue
1263 4613 1362 4674 cuiqnc
1380 4613 1465 4663 uideri
1484 4618 1582 4679 potest,
1602 4613 1676 4675 cuod
1694 4619 1756 4663 sunt
1776 4614 1845 4663 luter
1863 4614 1936 4663 uiros
1955 4614 2060 4676 doctos,
2081 4614 2125 4675 qni
2139 4624 2170 4661 ec
2187 4611 2266 4661 etiarn

580 4699 752 4761 popularium
770 4711 863 4749 auram
885 4699 1039 4760 Euripidem
1059 4700 1214 4761 affectasse,
1233 4702 1304 4763 quod
1324 4703 1385 4751 nori
1406 4708 1431 4751 et
1450 4702 1605 4763 inexpectati
1626 4702 1689 4765 qnid
1710 4702 1744 4751 iis
1765 4707 1941 4767 proponeret,
1963 4703 2131 4751 contendant.
2167 4698 2265 4749 blirnrn

580 4802 662 4839 sane:
692 4790 788 4840 etenim
808 4790 858 4839 boc
879 4791 902 4839 si
923 4802 1013 4839 reuera
1031 4790 1178 4852 voluisset,
1199 4802 1288 4840 nonne
1308 4803 1339 4839 ec
1359 4791 1444 4853 mauis
1465 4791 1584 4853 prologis
1603 4802 1663 4841 susa
1682 4789 1870 4851 abstinuisset,
1889 4790 1989 4851 qnippe
2008 4789 2123 4851 quibus,
2142 4786 2269 4847 Sculepe-

581 4880 647 4929 lium
667 4880 692 4926 st
711 4880 857 4942 sequimur,
880 4883 1061 4939 spectatorum
1081 4879 1227 4939 expectatio
1247 4891 1301 4929 non
1321 4884 1459 4943 angeatur,
1478 4879 1525 4929 sed
1546 4879 1724 4941 deminuatur.

690 4980 988 5048 ⁸³)1viscbcrmstb,
1012 4985 1038 5049 l,
1064 4999 1091 5046 pt
1111 4984 1180 5034 887:
1211 4985 1253 5035 ιιιι
1273 4986 1407 5047 anatarbe
1427 4984 1573 5047 llandlanp
1589 4996 1665 5035 musa
1684 4986 1779 5035 immor
1798 4997 1829 5033 aa
1849 4984 2003 5033 uacuam
2021 4985 2095 5046 selu,
2124 4982 2186 5031 dass
2206 4992 2268 5030 man

580 5074 659 5136 sicat,
679 5074 727 5122 der
746 5073 814 5123 lleld
833 5074 879 5121 iat
898 5072 998 5133 petum:
1019 5071 1075 5123 nod
1091 5072 1193 5127 bonu
1208 5076 1276 5135 derb
1294 5076 1372 5127 niodo
1388 5074 1487 5125 eudon
1506 5072 1632 5125 undula.
