5367 6425
780 1896 937 2038 Qua
982 1907 1132 2027 erle
1177 1900 1472 2030 Hecuba
1517 1899 1896 2068 Euripidea

1178 2160 1409 2265 compositu
1440 2160 1506 2240 sit.

501 2580 703 2690 Euripidem
733 2628 771 2672 ex
799 2627 862 2688 qno
891 2610 972 2688 Aug.
995 2605 1187 2690 Schlegelius
1214 2611 1408 2688 potissimum
1437 2612 1519 2672 omni
1549 2611 1712 2674 acerbitate
1738 2612 1902 2674 insectatus
1932 2619 1996 2691 est,
2027 2613 2115 2691 quasi
2138 2613 2181 2674 nil

500 2716 583 2784 alind
606 2723 658 2784 ille
679 2722 736 2783 nisi
758 2721 940 2800 quisquilias
961 2730 1077 2784 tauttnn
1099 2723 1173 2785 artis
1196 2724 1328 2802 tragicae
1351 2723 1482 2800 posteris
1504 2721 1689 2803 tradidisset,
1711 2723 1742 2783 in
1765 2721 1969 2802 detrectandis
1992 2723 2062 2800 plus
2084 2741 2185 2802 aequo

501 2841 611 2913 poetae
641 2831 771 2910 lahulis,
804 2848 991 2911 quamquam
1020 2833 1141 2913 singula
1173 2833 1323 2912 quaedam
1353 2833 1531 2896 collaudare
1560 2849 1628 2896 mos
1656 2842 1718 2911 est,
1753 2835 1829 2895 mire
1867 2835 2059 2896 consentiunt
2090 2841 2187 2896 nostri

501 2944 650 3021 temporis
673 2945 897 3006 existimatores
918 2943 1071 3024 plerique.
1115 2940 1208 3021 Quod
1231 2961 1294 3023 quo
1312 2945 1384 3022 jure
1407 2944 1520 3008 lactum
1544 2946 1593 3021 sit,
1616 2961 1767 3023 quaerere
1790 2943 1839 3006 hic
1860 2935 2017 3020 alienum;
2041 2945 2069 3007 id
2087 2955 2186 3008 tamen

503 3054 648 3126 latemur,
670 3056 719 3116 rix
741 3072 782 3116 ea
799 3055 915 3134 uhique
938 3054 997 3117 lide
1020 3043 1120 3135 eoque
1141 3042 1255 3133 studio,
1277 3072 1340 3134 quo
1363 3054 1483 3118 fabulas
1506 3053 1717 3136 Sophoclcas,
1740 3056 1794 3118 sed
1818 3055 1918 3118 taedio
1941 3056 2075 3136 quodam
2099 3073 2189 3135 prae-

498 3164 704 3247 judicatisque
722 3167 867 3247 jndieiis,
895 3168 1070 3246 percenseri
1094 3167 1276 3247 Euripideas
1298 3167 1391 3248 idque
1413 3168 1452 3231 ah
1475 3169 1511 3230 iis
1534 3169 1687 3249 maxime,
1715 3171 1768 3248 qui
1791 3170 1821 3230 in
1844 3167 2008 3247 Euripide,
2039 3166 2188 3248 quidquid

502 3280 541 3341 ah
564 3297 601 3342 eo
624 3296 713 3342 secus
735 3289 827 3360 atque
849 3278 1038 3359 aSophocle
1060 3280 1229 3342 institutum
1245 3278 1383 3351 videant,
1400 3282 1500 3342 statim
1522 3282 1552 3342 in
1575 3280 1826 3359 vituperationem
1850 3276 1959 3342 eadere
1982 3279 2040 3340 sihi
2062 3297 2189 3357 persua·

503 3389 605 3453 deant.
643 3391 680 3452 ht
700 3391 762 3453 duo
785 3392 964 3453 exstiterunt
986 3392 1040 3451 viri
1063 3393 1174 3453 summi
1192 3390 1347 3470 Euripidis
1370 3391 1548 3455 laudatores
1562 3392 1746 3472 gravissimi,
1770 3389 1948 3452 Aristoteles
1968 3398 1997 3451 et
2012 3390 2191 3471 Lessingins

504 3484 791 3581 qnorome‘eonflst,
819 3504 844 3563 si
874 3519 935 3580 qna
966 3503 1091 3567 omuino
1121 3504 1215 3580 ualet,
1243 3505 1435 3584 auctoritati,
1461 3504 1527 3581 jam
1551 3520 1612 3565 non
1634 3502 1846 3565 deterreamur
1861 3500 1987 3580 judiciis
2011 3498 2189 3583 Schlegelii,

504 3613 687 3686 hermanni,
717 3610 866 3693 Gruppii,
897 3614 1028 3676 aliorum
1058 3633 1084 3675 v.
1110 3613 1141 3675 d.
1167 3614 1333 3693 quominus
1365 3614 1403 3676 ah
1433 3614 1482 3677 his
1510 3615 1582 3675 viris
1604 3616 1634 3674 in
1657 3612 1843 3677 aestimanda
1867 3611 1989 3674 Hecuba
2013 3610 2189 3689 Euripidea,

504 3741 582 3804 quae
605 3742 665 3803 qna
688 3732 753 3787 arte
774 3725 945 3803 composita
966 3726 1015 3802 sit,
1040 3725 1233 3803 perpendere
1254 3727 1284 3787 in
1307 3726 1411 3788 animo
1434 3734 1491 3805 est,
1514 3726 1608 3807 longe
1624 3724 1836 3787 dissideamus.
1874 3722 1936 3785 Nec
1952 3731 2053 3785 tamen
2068 3722 2190 3800 desunt,

505 3827 559 3915 qui
589 3845 698 3915 poetae
720 3838 923 3914 patrocinium
951 3852 1050 3914 nuper
1079 3838 1109 3897 in
1138 3854 1171 3898 se
1197 3839 1391 3916 susceperint
1420 3838 1474 3899 riri
1503 3836 1595 3900 docti.
1640 3834 1693 3898 ilis
1721 3837 1816 3915 igitur
1846 3850 1941 3914 quum
1964 3835 1993 3895 lu
2017 3834 2190 3896 universum

505 3948 679 4026 adstipulati
701 3949 809 4027 simus,
831 3964 911 4026 quae
933 3948 994 4009 sire
1016 3948 1188 4010 accuratius
1202 3948 1449 4026 exposuerimus,
1469 3948 1531 4023 sire
1553 3946 1640 4009 aliter
1662 3946 1858 4027 intelligenda
1881 3946 2101 4018 censuerimus,
2125 3947 2193 4024 ipsa

506 4060 614 4121 doceat
635 4060 763 4137 scriptio
777 4056 817 4137 ¹).

633 4168 676 4232 lie
700 4186 804 4232 rerum
826 4179 916 4247 statu,
942 4171 973 4231 in
996 4186 1059 4247 quo
1085 4171 1190 4249 incipit
1212 4172 1310 4249 actio,
1334 4171 1394 4232 hoc
1418 4185 1546 4232 monere
1568 4168 1708 4232 sulliciat.
1755 4168 1893 4231 lledituri
1916 4186 2020 4231 eversa
2043 4168 2139 4245 Troja
2162 4170 2191 4229 in

508 4283 636 4361 patriam
660 4278 770 4343 Graeci
792 4290 951 4343 ventorum
974 4282 1133 4359 iniquitate
1157 4279 1254 4353 (auo)
1285 4298 1376 4343 nares
1404 4280 1598 4360 applicarunt
1626 4278 1665 4341 ad
1688 4278 1840 4341 Thraciae
1862 4279 2100 4355 chersonesum,
2129 4294 2192 4356 qno

508 4393 589 4456 hello
620 4395 742 4455 ineunte
772 4392 912 4462 Priamus
943 4391 1134 4472 Polydorum
1164 4391 1258 4454 lilium
1288 4392 1412 4454 miserat
1442 4390 1479 4453 ad
1511 4390 1753 4470 Polymestorem
1777 4405 1907 4469 regem,
1940 4390 2006 4468 cjns
2029 4388 2193 4467 hospitem.

474 4485 481 4493 ί
508 4504 581 4583 (81,
597 4506 687 4575 llil).
725 4504 757 4565 ln
781 4503 880 4565 media
903 4519 995 4565 scena
1017 4504 1204 4582 conspicitur
1225 4504 1391 4565 tentorium
1405 4501 1657 4583 Agamemnonis,
1679 4499 1820 4564 licentiae
1835 4499 2037 4577 domicilium,
2060 4516 2194 4577 quocum

621 4751 646 4817 ¹)
674 4752 747 4801 eonr.
773 4752 898 4812 inprimis
924 4754 1062 4812 llartnngii
1087 4750 1179 4813 Burip.
1200 4754 1274 4803 lieet
1294 4754 1320 4816 l,
1347 4766 1373 4813 p.
1390 4752 1462 4814 5⁰23
1491 4750 1603 4812 Pduglrtt
1624 4750 1705 4811 praet.
1727 4751 1846 4813 flecuh.;
1875 4750 1918 4799 lh.
1941 4749 2063 4799 llaumeri
2087 4748 2190 4797 llorles.

509 4843 591 4891 acher
610 4841 662 4890 alte
682 4840 780 4890 Gesch.
802 4841 836 4902 tt,
856 4854 882 4902 p.
899 4840 964 4890 398.
1004 4838 1142 4901 Quantum
1160 4853 1228 4903 quae
1248 4843 1432 4891 disseruerunt
1452 4841 1600 4905 Woltarns,
1621 4840 1791 4905 Pommems,
1811 4841 1855 4889 atii
1875 4852 1900 4888 v.
1923 4839 1959 4902 d.,
1980 4836 2140 4898 profecerint
2159 4838 2190 4885 acl

509 4931 625 4980 lahnlam
644 4935 716 4979 reete
729 4930 933 4992 aestimandam,
958 4931 1103 4994 nescimus,
1126 4932 1252 4992 quoniam
1271 4942 1363 4980 eornm
1384 4931 1590 4981 dissertatlones
1609 4929 1773 4992 insplciertdl
1793 4930 1870 4989 copta
1890 4938 1943 4975 non
1964 4931 2005 4975 est
2023 4926 2092 4975 data.
2133 4925 2191 4974 lam

430 5036 435 5045 ·
509 5020 650 5081 dolemus,
676 5020 748 5079 qnod
774 5032 822 5080 per
845 5026 975 5081 angustos
1001 5022 1081 5081 hnjns
1109 5020 1193 5071 tihelll
1218 5020 1286 5070 lines
1310 5021 1363 5070 alia
1387 5030 1500 5081 prorsas
1524 5021 1689 5083 omittenda,
1713 5015 1771 5097 ¹all'a
1795 5019 1823 5066 ln
1850 5016 1999 5067 breviorem
2019 5020 2192 5077 conspectum

510 5118 583 5159 erant
602 5109 791 5158 contrahenda.

1840 5209 1854 5272 l
