5367 6425
1247 837 1269 900 5

418 1053 622 1124 prostratam,
651 1047 786 1124 primum
808 1045 1028 1108 dubitationem
1050 1044 1222 1122 quandam,
1244 1060 1317 1105 num
1343 1058 1447 1104 revera
1469 1040 1512 1104 dii
1534 1057 1585 1103 res
1608 1040 1783 1106 mortalium
1806 1057 1858 1116 ea,
1880 1058 1940 1122 qua
1963 1058 2020 1118 par
2041 1050 2098 1121 est,

414 1157 532 1236 justitia
562 1158 776 1230 moderentur,
804 1174 843 1218 an
869 1165 985 1220 temere
1013 1157 1116 1218 omnia
1143 1172 1179 1217 ac
1206 1171 1278 1216 casu
1300 1153 1452 1226 accidant,
1483 1151 1594 1238 deinde
1616 1161 1743 1233 rogatus
1763 1152 1802 1213 ab
1824 1155 1889 1230 ipsa
1913 1153 2036 1216 Hecuba
2058 1187 2098 1195 -

418 1285 497 1347 quae
527 1285 623 1347 quom
653 1268 691 1330 ad
720 1269 906 1347 supplicium
935 1285 969 1331 se
1000 1269 1097 1346 ipsam
1126 1266 1333 1329 abductumm
1352 1281 1535 1344 praeconem
1560 1264 1667 1327 adesse
1689 1267 1848 1343 opinetur,
1878 1267 1962 1326 initio
1984 1263 2098 1346 gaudio

417 1396 518 1458 paene
550 1379 733 1442 exsultatum
757 1390 820 1456 est,
853 1395 924 1442 mon
947 1379 987 1442 de
1007 1378 1150 1442 mandato
1172 1379 1286 1464 comior
1306 1379 1406 1439 statim
1430 1376 1507 1440 lacta
1528 1379 1559 1438 in
1582 1393 1734 1441 summurn
1759 1377 1906 1440 relabitur
1928 1393 2098 1439 maerorem

415 1523 458 1534 —
491 1493 696 1554 narrationem
721 1493 883 1570 copiosam
912 1492 996 1554 illam
1026 1490 1172 1570 quidem,
1205 1490 1259 1552 sed
1289 1491 1447 1570 egregiam
1477 1488 1516 1551 de
1545 1487 1717 1569 Polyxenae
1749 1489 1958 1552 immolatione
1981 1487 2100 1566 prolert

420 1601 638 1675 (bid-‹bdl).
680 1601 782 1681 Quam
805 1611 905 1668 tamen
928 1603 1103 1684 singillatim
1127 1602 1272 1680 persequi
1294 1599 1500 1679 supersedere
1522 1601 1600 1662 licet.
1644 1598 1773 1662 Mortem
1794 1599 1848 1662 illa
1870 1601 1998 1679 oppetiit
2020 1607 2098 1661 tanta

378 1751 381 1758 -
404 1711 481 1774 ‘non
505 1713 599 1775 modo
620 1716 804 1788 constantia,
832 1714 886 1776 sed
911 1716 1000 1776 etiam
1022 1714 1162 1794 virginali
1185 1713 1320 1776 decentia
1343 1711 1446 1791 (666),
1477 1720 1510 1774 ut
1528 1711 1566 1774 ad
1590 1727 1739 1774 summam
1761 1711 1994 1774 admirationem
2016 1729 2100 1774 com-

422 1826 497 1887 moli
519 1827 580 1887 sint
597 1823 725 1888 Graecia
748 1842 808 1904 qua
830 1826 873 1900 lt,
895 1834 928 1887 ul
942 1825 1122 1906 Talthybius
1140 1842 1202 1886 non
1217 1825 1324 1904 possit,
1346 1824 1420 1903 quin
1437 1824 1541 1886 liberis
1555 1821 1762 1886 felicissimam
1777 1823 1930 1903 praedicet
1945 1821 2098 1885 Hecubam

421 1936 614 2014 eandemque
636 1936 887 2000 infelicissimam.
924 1936 1022 2015 lllque
1044 1946 1073 1999 et
1095 1939 1162 2016 ipsa
1183 1946 1282 1999 mater
1302 1937 1382 1998 llllae
1405 1939 1641 2017 generositatem
1665 1935 1812 1998 admirata
1827 1939 1925 2018 magis
1940 1935 2100 2016 magisque
2151 1951 2164 1978 ·

421 2047 499 2110 adeo
521 2050 625 2110 animo
646 2049 860 2129 coudrmatur,
882 2049 1036 2111 utstatim
1058 2046 1263 2130 cogitabunda
1286 2049 1414 2110 nimium
1436 2047 1549 2110 luctum
1568 2049 1632 2126 jam
1656 2064 1689 2110 se
1711 2047 1867 2126 deponere
1889 2047 1968 2109 dicat
1991 2045 2099 2122 (663),

419 2159 557 2238 quamuis
588 2167 668 2222 tanta
699 2161 848 2222 malornm
878 2158 959 2222 mole
989 2174 1138 2239 oppressa
1167 2162 1222 2236 sit,
1254 2194 1291 2204 —
1321 2158 1405 2221 unde
1426 2159 1456 2220 in
1479 2159 1652 2240 longiorem
1676 2158 1901 2222 meditationem
1924 2159 1963 2221 de
1985 2159 2100 2220 virtutis

419 2270 542 2351 origine
564 2271 737 2351 digreditur
760 2271 836 2343 (561
849 2270 981 2345 463)
1005 2288 1152 2350 eamque,
1174 2272 1290 2350 quippe
1312 2287 1393 2350 quae
1415 2287 1531 2332 meram
1552 2279 1763 2349 ματαιολογίαν
1791 2270 1959 2345 contineat,
1990 2283 2098 2347 parum

354 2448 358 2456 ,
419 2381 514 2443 rebus
527 2391 628 2460 aptant
639 2381 679 2454 8).
718 2381 796 2445 Turn
819 2391 962 2461 prompta
984 2383 1022 2445 ad
1043 2383 1197 2464 agendum
1214 2382 1407 2463 Talthybinm
1424 2382 1508 2461 jubet
1525 2381 1644 2444 Atridas
1664 2381 1843 2461 admonere,
1864 2398 1902 2444 ne
1925 2381 2098 2462 Polyxenus

418 2511 535 2573 corpus
558 2489 747 2556 Graecorum
777 2494 918 2557 manibus
946 2496 1053 2575 attingi
1079 2493 1186 2569 velint,
1215 2494 1354 2558 ancillam
1384 2493 1421 2554 ad
1446 2510 1530 2555 mare
1552 2509 1684 2573 aquam,
1715 2509 1773 2572 qua
1797 2494 1862 2572 ipsa
1885 2492 1963 2556 dliae
1986 2507 2099 2571 corpus
2187 2509 2189 2514 ·

417 2604 532 2680 abluat,
554 2606 681 2683 petitum
703 2606 760 2683 ire,
783 2604 921 2668 Troades
943 2605 1076 2686 denique
1099 2605 1136 2668 ad
1160 2605 1286 2668 inlerias
1309 2607 1366 2667 rite
1388 2606 1612 2684 instaurandas,
1635 2606 1661 2665 si
1683 2603 1757 2684 qnid
1781 2621 1819 2666 ex
1841 2605 1970 2683 pristino
1990 2611 2097 2666 ornatu

418 2713 554 2778 Graecos
584 2716 712 2779 celatum
735 2716 881 2801 babeant,
910 2719 939 2778 in
963 2733 1052 2780 strum
1075 2718 1238 2780 tentorium
1260 2719 1358 2778 statim
1382 2715 1535 2778 conterre.
1577 2715 1644 2778 lam
1666 2731 1737 2777 vero
1760 2716 1827 2793 ipsa
1848 2714 1974 2778 donnum
1998 2718 2098 2792 intrat,

418 2843 514 2907 quum
539 2829 649 2890 lterum
664 2803 769 2890 secum
785 2828 927 2907 loquens,
950 2834 1020 2908 quo
1035 2829 1135 2911 magis
1155 2830 1290 2891 animum
1313 2828 1370 2889 sibi
1392 2827 1588 2901 corroboret,
1617 2826 1655 2889 de
1677 2825 1842 2909 fragilitate
1865 2843 1968 2889 rerum
1990 2826 2098 2889 buma-

420 2955 529 3000 norum
552 2940 693 3020 grariora
723 2938 873 3016 quaedam
903 2941 1116 3018 pronuntiarit.
1149 2975 1189 2984 .„.
1234 2939 1460 3013 StarimnmJl.
1484 2943 1528 3010 (r.
1554 2938 1617 3002 669
1629 2965 1668 2984 -e
1681 2939 1773 3016 666).
1797 2971 1836 2982 -
1872 2933 2097 3002 Chorus'breri
2155 2927 2161 2932 ’

417 3051 534 3112 cantico
564 3066 664 3129 eoque
690 3053 864 3132 argumenti
892 3055 965 3114 salis
994 3053 1096 3133 exigui
1122 3069 1161 3115 ex
1184 3051 1303 3113 Paridis
1325 3049 1521 3130 Helenaeqne
1543 3051 1689 3133 conjugio
1712 3052 1854 3128 queritur
1875 3065 2015 3127 omnem,
2045 3053 2097 3129 qni

413 3161 479 3239 Jam
502 3161 663 3245 ingmerit,
686 3158 876 3225 Graecorum
899 3179 959 3226 non
983 3165 1082 3226 minos
1106 3180 1197 3244 quam
1220 3161 1426 3241 Trojanorum
1450 3163 1565 3226 luctum
1587 3171 1677 3242 atque
1700 3178 1873 3225 maerorem
1896 3170 1997 3226 ortum
2021 3180 2098 3227 erse.

413 3272 607 3352 Epeiaorllum
629 3274 690 3335 111.
718 3275 764 3353 (v.
787 3274 988 3349 667-664).
1033 3276 1066 3338 ln
1092 3246 1219 3339 scenam
1237 3274 1340 3355 prodit
1361 3290 1477 3353 corpus
1498 3266 1654 3355 quoddam
1679 3274 1807 3338 relatum
1831 3283 1991 3353 asportans
2013 3290 2097 3337 serra

414 3400 431 3445 e
448 3385 540 3446 maris
555 3384 657 3448 littore
673 3402 801 3448 reversa.
835 3384 925 3464 Quae
942 3386 1015 3450 dum
1032 3390 1135 3462 anxie,
1150 3387 1273 3450 Hecrrba
1288 3404 1352 3465 quo
1367 3396 1577 3450 commoretur
1592 3386 1671 3461 loco,
1688 3404 1724 3449 en
1740 3386 1836 3449 cboro
1852 3389 1972 3467 quaerit
1986 3401 2095 3447 norum

409 3495 475 3573 jrm
505 3498 668 3559 imminere
699 3497 814 3560 malum
848 3498 1023 3578 clamitans,
1054 3500 1119 3578 ipsa
1150 3499 1201 3561 illa
1233 3499 1434 3580 progreditur
1462 3507 1554 3578 atque
1584 3500 1672 3577 cujus
1700 3500 1834 3562 attulerit
1861 3506 1990 3577 corpus,
2024 3514 2096 3560 num

417 3605 603 3687 Polyxenae,
620 3609 685 3685 jam
709 3626 782 3696 num
806 3604 1007 3689 Cassandrae,
1031 3611 1163 3690 primum
1187 3610 1378 3683 mirabunda,
1401 3612 1665 3679 lumcommotior
1680 3618 1886 3689 percontatur.
1925 3610 1973 3688 lt,
1989 3620 2096 3687 aperto

414 3734 521 3781 errore
544 3735 640 3797 quum
662 3719 752 3783 simol
775 3738 845 3783 cum
867 3739 1000 3800 corpore
1021 3723 1154 3786 vestibus
1176 3724 1289 3786 nudato
1312 3723 1407 3785 lilium
1432 3722 1612 3785 trucidatum
1626 3721 1814 3803 Polydorum
1830 3722 1998 3803 agnoverit,
2019 3722 2098 3782 inter

412 3828 499 3890 ebori
523 3829 667 3907 querelas
688 3847 855 3910 cervaeque
876 3832 967 3894 rerba
990 3831 1246 3914 Polymestorem,
1269 3832 1422 3896 Thracum
1445 3850 1570 3914 regem,
1591 3850 1683 3911 quern
1707 3832 1830 3913 quidem
1851 3832 1905 3896 lllii
1927 3835 2095 3895 occisorem

412 3956 481 4001 esse
511 3939 548 4003 er
578 3942 648 4003 visis
677 3942 737 4004 illis
766 3944 922 4005 nocturnis
944 3941 1034 4007 lacile
1055 3945 1113 4006 sibi
1138 3945 1455 4024 permarcescunt,
1483 3947 1527 4007 ira
1550 3945 1651 4007 subito
1674 3943 1886 4007 effervescente
1910 3953 2095 4009 exsecratur.

410 4096 704 4111 *1-0-

518 4186 543 4251 ο)
564 4188 689 4256 Portam,
716 4192 787 4252 quod
813 4194 964 4242 narratione
985 4193 1074 4245 audita
1099 4193 1237 4245 Hecubam
1263 4196 1371 4245 omnino
1391 4196 1425 4245 de
1444 4206 1530 4244 rerum
1549 4207 1668 4245 connexu
1692 4194 1984 4255 tranquilliore‘animo
2003 4197 2090 4245 medl-

411 4282 510 4325 tantem
530 4278 642 4341 inducit,
663 4280 702 4328 ria
720 4282 779 4341 lure
798 4282 940 4343 quisquam
960 4265 1137 4343 reprehendit.
1177 4285 1213 4334 At
1232 4286 1378 4346 ejusmodi,
1399 4287 1504 4347 qualem
1526 4284 1568 4341 lde
1590 4284 1734 4349 babemus,
1760 4286 1956 4335 meditationem
1978 4285 2093 4346 protecto

412 4361 576 4423 lrlgldlorern
596 4378 673 4430 ease,
699 4381 778 4429 quam
798 4383 866 4431 qnae
885 4369 946 4419 lerrl
967 4373 1068 4435 possit,
1096 4374 1229 4423 immerlto
1249 4383 1327 4434 negat
1346 4374 1509 4435 liartnnglns
1534 4372 1639 4434 (Enrlp.
1659 4380 1723 4424 rest.
1745 4374 1767 4437 l,
1789 4388 1814 4434 p.
1835 4374 1912 4437 altr,
1933 4387 2091 4435 quamquam

409 4453 437 4500 lu
469 4453 622 4504 retrorsum
652 4463 724 4506 reete
757 4459 855 4507 sentire
886 4460 970 4508 virum
1006 4461 1115 4511 doctum
1141 4465 1289 4528 concedes,
1319 4475 1401 4524 quum
1433 4465 1519 4513 dicat:
1548 4469 1594 4513 ant
1612 4465 1786 4512 omittendum
1807 4464 1856 4514 luit
1876 4465 1997 4525 Euripidi
2026 4464 2091 4515 lllud

409 4539 584 4600 dlselpllnam
603 4542 670 4594 bene
690 4545 792 4595 slveudi
813 4548 955 4607 tragoediis
975 4550 1033 4598 suis
1053 4550 1203 4601 illustrandi
1223 4552 1385 4617 institutum,
1406 4561 1452 4603 aut
1470 4554 1557 4603 eidem
1577 4559 1728 4613 praecepta.
1748 4552 1847 4613 qulbus
1870 4556 1986 4616 exempla
2007 4555 2092 4614 erpti-

410 4636 544 4692 curentur,
565 4633 634 4693 aptis
655 4632 721 4683 loeis
741 4634 916 4695 disponenda.
948 4638 985 4688 At
1002 4640 1029 4687 ld
1049 4640 1138 4699 ipsum
1157 4642 1303 4704 quaeritur,
1323 4654 1357 4690 an
1377 4648 1457 4702 aptus
1477 4642 1519 4693 blc
1540 4644 1614 4691 loeus
1635 4641 1793 4692 inveniatur.
1826 4642 1915 4708 Quare
1935 4644 2003 4714 banc
2021 4648 2091 4693 certe

409 4717 610 4769 meditationem
631 4720 789 4783 importunis
810 4723 866 4773 illle
885 4726 953 4775 locis
972 4726 1127 4789 abscribee,
1147 4735 1254 4789 propter
1274 4741 1342 4790 quoa
1361 4735 1483 4780 nostrum
1503 4730 1647 4781 immodice
1669 4739 1824 4791 carpserunt
1846 4744 1906 4781 cnm
1921 4739 2021 4782 veteres
2034 4738 2090 4782 tum

408 4807 582 4857 recentiores.
620 4806 696 4857 Coul.
717 4811 794 4874 blog.
812 4811 900 4863 italic.
922 4816 1024 4863 deret
1044 4828 1097 4864 aer.
1119 4804 1192 4867 cens.
1211 4816 1264 4880 715
1284 4820 1422 4880 Aristopb.
1443 4818 1511 4869 llan.
1532 4819 1579 4883 tlt,
1598 4816 1669 4883 eet,
1690 4819 1796 4869 Nacbtr.
1818 4832 1840 4869 r.
1862 4818 1929 4869 Sala.
1951 4818 2045 4869 Tbem.
2059 4820 2090 4887 V,

409 4908 436 4955 p.
454 4894 520 4946 aba.
561 4896 658 4947 Verum
684 4900 856 4961 Euripidem,
882 4908 912 4951 ut
933 4905 979 4963 qni
1006 4904 1093 4963 ipsam
1120 4904 1254 4955 liccubam
1283 4906 1415 4957 dicentem
1440 4907 1536 4957 laciatr
1566 4907 1614 4957 rel
1635 4908 1793 4977 ταῦταμὲν
1814 4904 1846 4971 di
1866 4913 1930 4965 νοῦς
1948 4904 2090 4969 ἐτόξευσεν

405 4980 500 5124 gerim
526 4987 628 5052 (666),
654 5000 708 5037 non
733 4989 803 5039 male
828 4992 958 5053 castigare
982 4992 1087 5042 ridetur
1111 4990 1266 5045 antamim
1291 4995 1334 5044 lrle
1357 4992 1536 5047 laertes-tor
1554 4993 1656 5067 μάτην,
1677 4996 1725 5049 διά
1745 5004 1781 5063 rt,
1803 4992 1825 5048 oi
1848 4995 1997 5065 Εὐριπίδη,
2018 4996 2089 5059 diue

423 5069 560 5133 rr'ieouer.
1673 5094 1676 5101 ’
1689 5074 1690 5077 “
