5367 6425
1279 873 1300 932 7

451 1082 546 1148 modu
562 1099 619 1144 ren
635 1083 777 1144 conscius
794 1079 997 1158 s’tecpplteii
1012 1077 1046 1142 eb
1059 1081 1098 1141 ab
1120 1081 1188 1157 ipsc
1211 1079 1356 1141 cobibere
1378 1079 1447 1139 uelit
1468 1078 1598 1142 militum
1622 1086 1788 1148 catervam:
1813 1079 1926 1140 etenim
1947 1078 2044 1142 solem
2067 1097 2140 1142 cam

446 1192 622 1256 Troadibus
644 1192 792 1256 ultionem
813 1208 847 1254 se
870 1201 1111 1270 persecutorem,
1133 1189 1249 1258 lamule
1272 1208 1328 1268 per
1345 1189 1606 1271 Agamemnonem
1629 1199 1693 1252 tuta
1714 1207 1750 1252 ex
1766 1191 1872 1252 castris
1895 1191 2045 1254 subducta
2064 1194 2138 1255 invi-

452 1313 546 1366 tetum
582 1303 842 1383 Polymestorem,
872 1312 906 1365 ut
937 1319 1030 1381 quum
1063 1303 1227 1365 celerrime
1255 1318 1323 1363 eum
1355 1301 1460 1363 liberis
1481 1301 1525 1363 adr
1543 1300 1698 1364 Hecubam
1721 1310 1869 1363 accurrat.
1912 1300 2012 1382 dtque
2034 1305 2142 1366 adnuit

447 1416 501 1478 ille
524 1416 594 1482 lieet
616 1425 731 1476 tuumne
752 1414 879 1478 mulieri·
894 1419 1021 1491 pectione
1045 1431 1079 1476 ee
1101 1429 1163 1474 con
1187 1413 1284 1482 fecsse
1307 1414 1469 1490 dotorum,
1496 1412 1554 1480 niet
1577 1415 1671 1475 rectis
1688 1415 1854 1474 secmariis
1877 1430 1966 1476 caves
1990 1415 2037 1476 laic
2060 1415 2139 1477 lcnte

451 1533 589 1590 retentae
612 1533 730 1600 esseut,
759 1527 892 1606 graviter
919 1524 1050 1587 alflemet
1079 1525 1168 1602 (895-
1184 1530 1282 1604 sqq).
1327 1522 1448 1590 llbeunt
1470 1532 1619 1616 uterque,
1649 1532 1682 1585 et·
1700 1522 1822 1586 llecubn
1837 1513 1971 1603 xquidem
1996 1537 2142 1604 paratura

450 1637 494 1700 ad
510 1637 699 1715 supplicium
722 1637 902 1698 necessaria.
925 1669 964 1680 -
989 1638 1153 1702 smmum
1173 1634 1233 1698 lIl.
1257 1633 1479 1712 (libb—952).
1512 1632 1657 1712 Sequenti
1681 1633 1773 1696 cbori
1789 1643 1877 1697 centu
1901 1651 1973 1699 sene
1997 1637 2141 1716 pulcher*

451 1750 536 1815 rimo
558 1747 672 1824 Trcjcc
694 1747 931 1826 expugnationis
952 1748 1059 1827 imago·
1078 1746 1295 1810 adumbratur:
1324 1763 1410 1826 quae·
1425 1763 1477 1808 ces
1500 1762 1569 1808 cum
1592 1747 1640 1820 iis,
1663 1762 1742 1824 qnae
1765 1748 1863 1808 statim
1887 1757 2047 1828 geruntur,
2069 1758 2141 1828 apte

451 1861 496 1920 ita
524 1857 692 1921 cohaerere
721 1855 857 1932 tidelm,
888 1866 925 1919 ut
947 1857 1212 1935 quemadmodum
1239 1867 1302 1920 tum
1332 1858 1487 1936 temporis
1503 1854 1743 1946 Graeeilraude
1766 1860 1902 1936 ceperint
1924 1858 2067 1938 Troiam,
2097 1863 2141 1924 sin

452 1969 592 2033 Troades
615 1986 696 2032 cnuc
717 1970 811 2030 simili
833 1967 943 2030 fraude
964 1965 1208 2050 Polymnestorem
1231 1970 1476 2032 circumveniant.
1507 1999 1558 2056 -r
1586 1967 1972 2046 Perductum-1995).
2015 1971 2080 2034 lam
2104 1991 2140 2035 eu

454 2082 657 2163 impudentia,
680 2097 741 2159 qua
763 2082 901 2161 insigues
921 2089 992 2143 sunt
1005 2081 1213 2146 scelestissimi
1228 2080 1370 2143 homines
1384 2080 1540 2160 iidemque
1554 2078 1722 2158 celerrimi,
1739 2097 1807 2144 num
1824 2079 1946 2143 Hecuba
1963 2098 2143 2148 sermonem*

452 2194 588 2256 insutuit.
604 2191 808 2271 Polymestor.
831 2193 885 2269 qui
907 2192 1035 2269 stipatus
1057 2191 1239 2254 satellitibus
1259 2208 1328 2253 cum
1352 2191 1455 2253 liberis
1478 2192 1508 2252 in
1530 2207 1656 2253 scenam
1674 2195 1833 2271 processit.
1876 2193 1904 2254 ls
1928 2195 2007 2256 enim
2031 2194 2142 2257 salutet

454 2305 598 2368 matthia
624 2304 765 2366 comitate
794 2310 823 2365 et
852 2305 963 2380 pietate
986 2304 1135 2382 regimen,
1150 2304 1248 2380 cujus
1269 2312 1353 2364 sorte
1374 2305 1566 2380 apertissime
1588 2303 1762 2368 confirmari
1784 2306 1826 2366 eit
1846 2321 1864 2365 a
1883 2305 1942 2366 diis
1965 2305 2137 2382 perturbari

456 2417 565 2478 onnia.
582 2413 694 2491 (956),
718 2420 781 2476 tum
805 2423 928 2475 exeusat
949 2431 983 2476 se
1005 2414 1061 2488 illi,
1082 2392 1179 2492 qccd'
1189 2429 1284 2493 quum
1307 2415 1336 2474 ic
1360 2412 1509 2476 Threciae
1532 2414 1686 2477 noctibus
1701 2423 1909 2478 commoratus
1924 2425 2014 2490 esset,
2036 2419 2143 2479 tenire

454 2526 556 2591 adnue
585 2535 743 2589 cunctatior
773 2526 828 2587 sit:
861 2525 962 2588 modo·
978 2525 1040 2588 sibi
1059 2541 1185 2587 reverso·
1202 2541 1320 2587 serram
1342 2523 1423 2586 lorte
1445 2529 1627 2588 occurrisse.
1671 2525 1793 2588 Hecuba
1817 2543 1900 2601 vcro,
1922 2529 2038 2606 qnippe
2060 2543 2139 2606 quac

458 2638 592 2716 pcimum
624 2653 698 2716 prae
724 2639 771 2699 ira
800 2638 848 2698 nix
876 2636 983 2700 oculos
1012 2639 1043 2699 ic
1065 2637 1223 2703 bominem
1243 2644 1419 2699 convertere
1443 2639 1553 2714 possit,
1585 2653 1680 2715 quum
1703 2637 1796 2715 trojus
1819 2639 1863 2700 rei
1885 2655 2007 2700 eausam
2029 2639 2139 2702 callide

455 2765 491 2812 et
515 2748 636 2827 pudore
658 2764 717 2810 sco
739 2749 886 2826 luctuque
908 2746 1106 2825 repetendum
1127 2746 1297 2820 aibr-erit,
1320 2764 1394 2809 mox
1417 2751 1661 2827 interrogantem
1675 2765 1756 2824 eum,
1779 2747 1923 2826 quidnam
1940 2750 1996 2811 sibi
2011 2751 2140 2813 voluerit

453 2862 578 2941 regina,
609 2868 787 2938 recuperata
819 2857 909 2921 laude
939 2861 1043 2936 priore
1072 2861 1256 2934 constantie,
1285 2876 1445 2922 serrorum
1468 2868 1616 2921 catervam
1640 2862 1740 2921 stetim
1762 2859 1918 2922 dimittere
1932 2861 2038 2939 jubet:
2068 2875 2140 2923 iram

451 2972 608 3050 peculiare
628 2970 744 3050 aliquid
766 2971 835 3051 regi
851 2987 884 3033 se
900 2971 1149 3049 ejmqueliberis
1163 2972 1399 3049 impertitorem.
1435 2968 1506 3048 Qua
1529 2987 1562 3033 re
1584 2969 1674 3033 facile
1698 2974 1868 3049 impetrata,
1891 2973 2086 3052 simulatque,
2109 2982 2140 3036 ut

456 3101 513 3162 par
543 3093 606 3159 est,
637 3101 675 3146 ex
696 3082 909 3163 Polymestore
937 3098 1000 3160 quc
1027 3081 1120 3145 modo
1149 3081 1323 3162 Polydorus
1350 3099 1384 3145 se
1412 3082 1539 3145 baberet
1570 3115 1611 3126 —
1643 3100 1735 3162 quem
1765 3084 1880 3161 optime
1908 3085 2008 3146 valere
2038 3087 2139 3163 impu-

453 3194 631 3258 dentissime
661 3193 711 3257 ille
741 3197 886 3257 mentitur·
914 3226 954 3237 -—
988 3195 1065 3256 mira
1099 3193 1266 3257 constantia
1300 3195 1466 3274 quaesivit,
1496 3194 1622 3257 alternis
1654 3193 1791 3257 versibus
1824 3210 1895 3258 mcx
1927 3197 1972 3271 ei,
2005 3204 2037 3259 ut
2068 3214 2136 3259 curn

454 3308 560 3371 liberis
589 3309 754 3370 tentorium
783 3308 930 3385 introeat,
959 3306 1139 3385 persuadet:
1174 3322 1316 3385 maguam
1346 3308 1386 3367 ibi
1418 3324 1451 3369 se
1478 3305 1707 3369 abscondidisse
1737 3309 1916 3385 pecuniam,
1950 3322 2041 3385 qnam
2072 3308 2138 3388 regi

452 3422 585 3498 eiusque
607 3418 714 3481 liberis
736 3451 775 3462 —-
799 3418 858 3479 bos
881 3419 962 3480 enim
985 3418 1094 3481 adesse
1116 3416 1243 3492 iudicet,
1267 3434 1316 3495 ne,
1339 3419 1366 3478 si
1386 3420 1466 3496 patri
1489 3418 1563 3495 quid
1586 3419 1746 3494 acciderit,
1770 3428 1873 3479 rerum
1898 3419 1996 3497 ignari
2019 3419 2078 3479 sint
2100 3454 2133 3461 -

452 3546 487 3593 se
514 3530 775 3593 demandaturum.
822 3529 860 3591 lit
879 3528 1089 3609 Polymestor,
1120 3530 1258 3607 quamvis
1284 3530 1412 3607 jamjam
1441 3531 1651 3607 suspicionem
1673 3527 1826 3608 quandam
1850 3544 1972 3591 movere
1993 3528 2139 3601 ridentur,

452 3652 554 3704 tamen
576 3656 667 3704 caeca
689 3640 829 3703 ariditate
849 3641 996 3719 obreptus
1016 3649 1133 3703 temere
1153 3641 1315 3703 mulierem
1339 3643 1546 3719 prosequitur.
1582 3640 1681 3719 ltque
1703 3640 1826 3703 uixdum
1839 3640 1884 3703 de
1898 3640 2058 3702 inevitabili
2074 3654 2139 3703 soe·

453 3754 538 3817 lestis
564 3754 665 3816 ctrina
689 3754 808 3832 justitia
838 3752 952 3815 cbocus
979 3768 1102 3833 gravem
1120 3754 1311 3827 ,seutentiam
1343 3752 1403 3813 leui
1423 3754 1488 3830 jem
1511 3752 1581 3814 cum
1603 3754 1800 3815 miseratione
1821 3752 1911 3827 dixit,
1940 3768 2035 3831 quum
2059 3754 2140 3815 intus

455 3865 660 3928 exaudiuntur
690 3862 910 3942 Polymestoris
943 3880 1017 3941 prae
1048 3863 1209 3925 doloribus
1237 3873 1266 3925 et
1291 3866 1340 3925 ire
1369 3866 1402 3925 irr
1431 3863 1569 3927 uroaees
1597 3862 1713 3927 lrrrstra
1743 3864 1902 3927 saevientis
1931 3864 2138 3927 lamentabiles

456 3976 617 4049 clamores,
640 3974 850 4037 dicacissimae
872 3973 1002 4036 subinde
1024 3991 1114 4037 voces
1136 3977 1232 4054 ipsius
1255 3974 1396 4037 llecubae
1418 3977 1578 4054 impotenti
1600 3974 1715 4058 geudio
1738 3976 1924 4038 exsultantis.
1967 3973 2048 4037 llaec
2065 3992 2138 4038 tero

454 4090 554 4149 statim
584 4088 616 4149 ic
644 4102 766 4148 scenam
795 4085 941 4165 prodiens
970 4088 1099 4148 innecti
1117 4086 1180 4164 jam
1205 4088 1235 4147 in
1258 4088 1423 4149 tentorium
1444 4085 1542 4148 cboro
1563 4094 1655 4164 atque
1676 4086 1716 4149 ab
1738 4103 1789 4161 ea,
1821 4086 1893 4165 quid
1916 4094 2068 4164 patratum
2090 4088 2138 4163 sit,

453 4198 622 4276 quaerenti,
645 4206 838 4260 occaecatum
862 4196 1112 4277 Polymestorem,
1136 4199 1251 4261 liberos
1273 4198 1441 4261 trucidatos
1460 4198 1623 4280 gloriatur.
1658 4192 1863 4275 Subsequitur
1878 4200 1944 4285 ipse
1960 4197 2011 4260 ille
2027 4200 2139 4262 misere

455 4308 596 4372 foedatus
619 4318 658 4384 et,
682 4325 776 4387 quum
799 4311 895 4370 instar
916 4306 1000 4371 serae
1024 4291 1106 4371 omni
1129 4309 1267 4372 torvitate
1288 4304 1427 4372 Troades
1448 4308 1509 4371 buc
1530 4309 1602 4371 illuc
1624 4307 1744 4390 iugulas
1766 4310 1921 4371 insecutus
1937 4310 2017 4370 inani
2033 4308 2139 4373 lurore

456 4438 491 4483 se
514 4422 648 4482 insanire
661 4419 700 4494 ¹²)
732 4419 868 4483 funditus
897 4421 1113 4499 persentiscat,
1146 4422 1270 4503 lugubri
1300 4422 1435 4483 carmine
1465 4417 1737 4499 (ltus-1106)
1767 4428 1836 4482 tunc
1858 4418 1996 4498 planctus
2019 4419 2138 4483 lenones

564 4668 596 4729 ⁸²)
623 4665 792 4730 Quamquam
816 4668 974 4730 pleramque
1002 4667 1158 4730 Euripidem
1183 4670 1315 4732 egreglum
1335 4672 1417 4719 enimi
1436 4670 1580 4721 clleetcnm
1600 4672 1734 4731 pictorem·
1746 4669 1830 4719 brisso
1850 4677 1953 4719 couetct
1971 4671 2037 4720 inter
2055 4672 2138 4721 aesti-

455 4762 589 4819 matores,
618 4763 706 4807 lamec
726 4770 759 4806 ce
779 4757 807 4805 io
830 4758 877 4807 bae
896 4758 1006 4819 quiden
1026 4769 1054 4807 re
1073 4759 1150 4818 plane
1168 4758 1291 4807 errellnlt
1308 4766 1401 4821 poeta,
1431 4758 1455 4807 sl
1479 4758 1717 4821 adstipulamur.
1740 4757 1868 4807 larcbsio
1891 4771 1951 4807 cum
1974 4759 2138 4819 generatione

457 4846 590 4906 quaedem
614 4851 670 4894 tum
694 4844 728 4896 de
752 4843 944 4906 entymesrcrts
968 4847 1058 4896 ltrrcrc
1083 4848 1179 4897 baecee
1204 4848 1322 4897 efferenti
1342 4846 1466 4907 (licebit.
1491 4860 1514 4897 a.
1536 4848 1606 4898 snb.
1626 4848 1722 4899 Theoi.
1744 4846 1777 4912 V,
1800 4860 1824 4909 p.
1846 4846 1933 4914 8⁸8)=
1963 4848 2137 4913 beleidiqeud,

454 4936 584 4986 uberate
607 4934 765 4995 merqtecbe
790 4934 930 4986 wenebeit
952 4936 1110 4987 rcrtreldleh
1133 4938 1170 4986 let
1196 4936 1240 4987 die
1260 4938 1358 5002 Wntb,
1384 4938 1434 4986 mlt
1458 4938 1506 4989 der
1529 4938 1576 4987 der
1600 4935 1757 4998 qeblerrdete
1782 4934 1947 4997 Polymestcr
1966 4936 2008 4986 dle
2027 4936 2137 4987 lleenlre

403 5057 408 5067 .
455 5023 536 5073 nebel
554 5025 631 5073 ibren
648 5022 863 5085 licelellcrlnnen
881 5024 1002 5087 ncrlolpt.
1040 5025 1076 5074 At
1092 5037 1157 5074 nunc
1178 5032 1249 5075 recte
1267 5024 1346 5074 noble
1366 5024 1463 5075 iecisse
1480 5024 1645 5090 ridebimur,
1676 5025 1714 5088 si,
1736 5024 1807 5084 quod
1826 5024 1896 5085 apud
1916 5022 2136 5085 Sbalespearinm

456 5113 556 5162 “celeo
576 5122 627 5161 sco
642 5112 702 5172 inre
720 5112 892 5177 edmlremcr,
912 5113 940 5162 id
960 5115 1046 5176 idem,
1066 5121 1190 5175 tauquam
1207 5113 1364 5163 offensionis
1387 5112 1489 5174 aliquid
1518 5113 1629 5178 lrabeat,
1658 5113 1728 5175 npud
1754 5110 1908 5174 Euelpidem
1935 5108 2138 5175 vituperemnsl
