5367 6425
1409 846 1431 908 8

578 1056 649 1110 tunc
672 1055 804 1108 moestas
827 1045 954 1109 elfuudit
974 1048 1128 1126 querelas,
1151 1065 1250 1126 usqare
1272 1048 1346 1110 dum
1370 1048 1472 1111 audita
1496 1067 1567 1112 voce
1584 1049 1823 1131 Agamemnonis
1847 1069 1916 1114 eum
1935 1053 2082 1117 militibus
2097 1055 2267 1119 incedentis

577 1168 641 1221 tum
663 1158 787 1220 demum
810 1158 947 1221 videatur
968 1157 1171 1222 deferbuisse.
1207 1159 1274 1222 lam
1295 1177 1369 1222 vero
1392 1160 1451 1236 bic,
1475 1164 1562 1239 quasi
1586 1178 1690 1246 rerum
1712 1179 1869 1226 connexus
1895 1180 2024 1240 prorsus
2046 1167 2170 1238 inscius,
2194 1183 2267 1229 mox

577 1287 701 1332 eausam
731 1269 1059 1348 capitalem-instituit,
1088 1272 1158 1348 ipso
1176 1270 1299 1349 judice,
1323 1273 1384 1334 reis
1407 1281 1436 1334 et
1456 1271 1566 1334 iisdem
1589 1274 1817 1352 accusatoribus
1838 1272 1963 1336 Hecuba
1985 1283 2015 1338 et
2037 1274 2262 1356 Polymestore.

578 1380 678 1460 Atque
701 1381 847 1444 verbosae
867 1381 1035 1444 audiuntur
1055 1383 1217 1460 utriusque
1236 1383 1462 1460 perorationes,
1484 1400 1564 1462 quae
1588 1391 1688 1446 tamen
1712 1392 1741 1447 et
1763 1384 1851 1447 nobis
1873 1384 1997 1464 quidem
2013 1388 2086 1448 satis
2097 1387 2266 1470 languidae

578 1509 679 1572 neque
700 1492 761 1571 ipsi
780 1493 953 1562 animorum
975 1494 1190 1568 commotioni,
1212 1509 1274 1570 qua
1297 1494 1450 1574 litigantes
1474 1495 1610 1572 perculsi
1631 1503 1711 1564 sunt,
1733 1495 1948 1558 accumulatae
1970 1496 2136 1560 videantur.
2182 1497 2267 1562 lllter
2321 1573 2327 1580 Ι

578 1604 672 1685 igitur
693 1605 822 1684 gratiam
846 1613 876 1667 et
899 1580 1125 1666 miserationem
1149 1605 1299 1683 principis
1321 1621 1359 1667 eo
1382 1613 1505 1684 captare
1525 1605 1639 1681 studet,
1660 1605 1743 1683 quod
1768 1608 1902 1684 primum
1918 1605 2106 1688 Polydorum
2123 1626 2156 1672 se
2171 1612 2267 1673 inter·

579 1713 688 1778 iecisse
708 1717 748 1776 in
778 1716 879 1777 solum
903 1713 1090 1779 Graecorum
1120 1715 1318 1778 commodum
1348 1716 1487 1792 simulat,
1520 1733 1557 1778 ne
1587 1715 1667 1779 lorte
1696 1724 1766 1795 post
1788 1716 1880 1779 modo
1905 1735 2027 1782 eversae
2050 1719 2134 1781 urbis
2155 1693 2266 1784 vindex

578 1842 723 1888 erasurus
751 1828 807 1901 sit,
836 1836 898 1889 tutu
921 1826 1021 1905 quod,
1050 1843 1101 1920 ea,
1128 1843 1209 1903 quae
1232 1827 1324 1889 modo
1348 1843 1516 1906 perpessos
1539 1836 1602 1902 est,
1632 1829 1724 1891 alacri
1746 1845 1801 1892 ore
1823 1846 1893 1892 eum
1917 1828 2102 1892 laminarum
2126 1847 2267 1893 exsecra·

579 1941 661 2003 tione
689 1939 828 2018 depingit
858 1936 1123 2028 (last-llam
1157 1938 1253 2000 altera
1282 1957 1322 2001 ea
1345 1939 1398 2002 illo
1428 1939 1591 2001 verborum
1621 1939 1693 2001 loco
1722 1957 1849 2015 exorsa,
1883 1956 1945 2018 quo
1973 1941 2130 2020 sopbistae
2153 1941 2265 2019 iniusta

577 2050 728 2130 quaelibet
746 2049 871 2112 mirifice
890 2049 1034 2130 obtegant
1050 2048 1179 2121 (ttae).
1203 2050 1328 2112 caedem
1351 2051 1389 2112 ab
1412 2051 1470 2112 isto
1492 2061 1623 2129 propter
1643 2051 1740 2112 solam
1762 2051 1933 2115 aviditatem
1957 2050 2066 2114 laetam
2089 2067 2156 2114 esse
2171 2068 2266 2133 argu·

579 2165 638 2224 tius
659 2143 890 2242 argumentatur
912 2158 1177 2233 (1187--1238):
1201 2177 1260 2240 qua
1284 2178 1318 2224 re
1339 2163 1382 2241 lit,
1406 2170 1438 2223 ot
1458 2162 1530 2223 dato
1550 2162 1670 2240 judicio
1694 2163 1833 2225 mulieris
1854 2179 1945 2226 causa
1969 2180 2099 2242 prorsus
2121 2163 2265 2226 obtineat.

580 2274 719 2336 Attamen
748 2272 959 2352 Polymestor,
991 2273 1116 2352 utqui,
1143 2289 1239 2350 quum
1262 2273 1314 2335 illa
1335 2272 1457 2351 expiatu
1480 2273 1598 2338 scelere
1621 2274 1785 2336 immodice
1808 2275 1952 2350 laetetur,
1983 2274 2140 2337 iracundia
2162 2275 2266 2344 denuo

579 2383 786 2459 excandescat,
809 2392 966 2469 postremo
988 2383 1144 2446 Hembam
1164 2385 1195 2446 in
1220 2381 1369 2456 canem¹³y
1393 2391 1560 2458 mutatum,
1584 2381 1788 2448 Cassandram
1813 2394 1842 2447 et
1863 2385 2105 2465 Polymestorem
2129 2381 2263 2466 Clytem·
2365 2459 2366 2464 ἵ

581 2503 701 2560 uestrae
733 2493 848 2557 ferocia
881 2503 1020 2557 necatum
1052 2495 1091 2555 iri
1124 2494 1317 2568 vaticinatur,
1351 2495 1418 2572 ipsa
1450 2494 1578 2558 muliere
1609 2512 1730 2558 summa
1759 2512 1829 2558 curn
1858 2497 1907 2558 sui
1930 2494 2121 2576 neglectione
2143 2497 2265 2578 singula

582 2616 801 2686 perscrutante.
844 2606 923 2669 Tum
945 2607 1070 2669 demum
1094 2603 1284 2669 Graecorum
1311 2607 1454 2685 princeps
1476 2607 1591 2684 expelli
1607 2606 1697 2684 iubet
1717 2608 1748 2668 in
1770 2606 1925 2669 desertum
1949 2607 2124 2687 bominem,
2153 2609 2205 2688 qui
2230 2623 2269 2670 oe

581 2721 626 2781 sic
655 2719 779 2796 quidem
809 2718 954 2796 perjuriis
982 2726 1011 2780 et
1039 2716 1209 2781 maledictis
1237 2718 1428 2796 pepercerit,
1465 2716 1621 2780 liecubam
1651 2725 1751 2780 autem
1781 2719 1948 2781 liberorum
1972 2733 2042 2781 ossa
2066 2734 2128 2780 rino
2150 2719 2268 2781 inlerre

582 2829 753 2902 tumulo¹¹).
794 2828 861 2892 lam
884 2830 965 2891 enim
989 2829 1104 2891 exortis
1124 2827 1227 2889 subito
1249 2829 1344 2892 ventis
1364 2828 1508 2892 secundis
1531 2831 1561 2890 io
1584 2830 1713 2906 patriam
1738 2828 1864 2892 redituri
1886 2838 1956 2892 sunt
1977 2827 2099 2892 Graeci.

1395 3138 1460 3249 1i.
1554 3246 1558 3259 .

752 3374 798 3437 lle
827 3372 947 3435 labulae
976 3372 1135 3433 virtutibus
1164 3378 1194 3445 et
1220 3370 1298 3430 vitiis
1325 3369 1413 3431 nobis
1431 3370 1584 3448 judicium
1608 3371 1814 3449 proposituris
1837 3386 1902 3431 eam
1926 3371 2002 3431 riam
2026 3371 2147 3451 ingredi
2170 3370 2270 3446 liceat,

584 3486 713 3566 utquid
737 3487 795 3564 ipsi
819 3486 1000 3563 sentiamus,
1023 3482 1133 3545 ordine
1154 3498 1358 3560 exponamus,
1380 3498 1474 3561 quum
1498 3481 1675 3543 criticorum
1698 3480 1844 3561 suffragia
1863 3482 2051 3560 gravissima,
2073 3498 2151 3559 quae
2168 3489 2270 3544 tamen

583 3600 707 3677 saepius
737 3597 778 3658 nil
809 3594 891 3659 aliud
919 3595 977 3656 nisi
999 3594 1078 3656 male
1099 3594 1230 3655 alterum
1254 3594 1383 3656 alterum
1406 3594 1542 3671 pessime
1566 3594 1735 3655 institutum
1759 3609 1828 3655 esse
1850 3601 1975 3661 sonant,
2004 3592 2117 3670 passim
2141 3609 2271 3671 percen-

583 3725 715 3773 seamus.
759 3708 868 3785 Atqui,
897 3705 981 3784 quod
1003 3707 1033 3767 in
1057 3704 1180 3768 Hecuba
1204 3706 1334 3766 maxime
1356 3702 1465 3767 olleosi
1488 3704 1629 3767 videntur
1649 3720 1717 3766 esse
1740 3706 1943 3775 recentiores,
1971 3704 2002 3766 id
2024 3704 2054 3765 iu
2077 3720 2114 3765 eo
2133 3705 2267 3782 positum

585 3829 641 3896 est,
662 3819 746 3898 quod
770 3834 864 3898 quum
886 3818 1046 3895 conjuncta
1069 3814 1246 3895 Polyxenae
1267 3816 1478 3879 immolatione
1497 3816 1577 3877 intra
1600 3816 1691 3878 unius
1711 3814 1857 3879 dramatis
1874 3814 1949 3876 lines
1963 3830 2032 3877 eum
2048 3813 2269 3893 Polymestoris

587 3973 879 3989 Η*

587 4081 621 4119 an
640 4068 753 4119 tortasse
772 4068 936 4128 putabimus,
958 4066 985 4114 in
1003 4062 1159 4124 Euripidem
1181 4064 1384 4129 adamandam,
1405 4066 1476 4126 cuod
1496 4067 1529 4115 de
1547 4064 1635 4128 anglo
1656 4063 1830 4115 celeberrimo
1848 4064 1983 4115 clamitare
2003 4064 2056 4115 sibl
2075 4066 2191 4125 sumpsit
2204 4062 2272 4113 Vct-

587 4159 671 4207 tarlns
688 4168 771 4218 quum
791 4155 879 4209 dicat:
906 4153 1038 4204 Corneille
1058 4151 1123 4202 ltait
1142 4151 1229 4215 inegcl
1250 4164 1353 4202 comme
1372 4152 1569 4219 Sbalrespearey
1595 4156 1663 4205 mais
1689 4153 1714 4204 le
1732 4154 1808 4215 genie
1828 4155 1861 4204 da
1880 4152 2011 4205 Corneille
2032 4154 2095 4205 etait
2112 4152 2128 4205 a
2148 4152 2216 4203 colui
2236 4153 2270 4202 da

586 4246 631 4296 sb.
652 4258 682 4294 ce
701 4246 782 4306 qu'nu
802 4244 926 4305 seigneur
945 4251 985 4291 est
1003 4241 1018 4291 a
1039 4238 1137 4303 l'dgard
1158 4244 1237 4291 d’unc
1256 4244 1360 4291 bommc
1377 4244 1413 4291 du
1429 4244 1549 4305 propter

697 4348 727 4412 ²³)
748 4351 877 4411 liartuug.
893 4349 965 4410 qnod
989 4350 1114 4398 llecubae
1135 4334 1309 4430 montionem
1328 4351 1418 4413 inquit
1436 4351 1491 4400 noli
1511 4351 1618 4400 credere
1640 4362 1754 4411 poenam
1775 4363 1836 4399 esse
1854 4349 2029 4414 crudelitatis,
2049 4349 2116 4399 miro
2136 4349 2272 4398 inerrare

588 4441 685 4492 versari
707 4447 914 4490 consentaneum
934 4448 984 4489 est.
1023 4438 1147 4488 Ceterum
1167 4440 1289 4490 conteras
1307 4441 1392 4490 Cicer.
1415 4442 1496 4491 Tusc.
1518 4445 1622 4501 quaest.
1643 4440 1692 4503 lli,
1714 4439 1765 4489 20:
1790 4440 1927 4490 Hecubam
1950 4445 2043 4499 putant
2063 4448 2171 4499 propter
2189 4437 2272 4485 animi

502 4544 507 4563 ¹
586 4531 756 4581 acerbitatem
776 4532 909 4592 quandam
929 4534 957 4579 et
975 4530 1077 4579 rabiem
1094 4529 1158 4591 tingi
1177 4531 1204 4580 in
1226 4541 1318 4580 canem
1339 4541 1400 4579 esse
1419 4540 1581 4579 conversam.

696 4634 734 4703 ¹⁴)
752 4636 867 4689 Fabulae
885 4637 1000 4699 exitum,
1026 4636 1104 4697 quasi
1128 4648 1240 4696 prorsus
1266 4635 1394 4685 ridendus
1413 4641 1485 4685 esset
1505 4642 1531 4684 et
1549 4634 1687 4698 scurrilis,
1715 4636 1755 4685 sic
1774 4636 1913 4696 explanare
1933 4633 2035 4693 placuit
2054 4632 2189 4695 Grnpplo,
2215 4632 2272 4682 tiro

587 4728 768 4779 eruditissimo
788 4726 910 4784 (Ariadu.
933 4740 959 4788 p.
979 4725 1065 4790 868):
1085 4724 1186 4786 Polym.
1206 4724 1354 4775 verleiindct
1372 4723 1422 4787 lbr,
1443 4725 1482 4773 sle
1501 4725 1588 4773 werde
1609 4723 1636 4772 in
1658 4725 1734 4772 einen
1755 4722 1835 4773 flund
1855 4720 2013 4771 rerwandelt
2030 4720 2145 4771 werden.
2180 4721 2273 4771 Narb-

587 4816 647 4866 dem
675 4816 719 4865 dia
743 4814 862 4874 ilduigln
887 4826 938 4863 ron
961 4812 1040 4873 Trola
1066 4815 1190 4864 biernacb
1216 4814 1259 4863 bei
1285 4814 1338 4862 ibm
1364 4812 1423 4861 sieb
1443 4813 1491 4861 das
1510 4812 1631 4863 Ntbereu
1653 4814 1807 4881 erbundigt,
1833 4814 1922 4861 maebt
1940 4811 2034 4872 agam.
2057 4813 2116 4862 dem
2137 4810 2207 4860 zani
2227 4812 2271 4861 ein

587 4905 678 4969 Eudo,
699 4906 787 4956 ludern
808 4906 936 4954 criticen
956 4904 1140 4965 gebietatden
1159 4904 1245 4965 mund
1264 4916 1297 4952 au
1318 4901 1417 4952 balteo.
1445 4926 1478 4939 -
1506 4900 1658 4953 Extremum
1680 4904 1730 4953 boc
1751 4901 1829 4963 plene
1849 4902 1964 4953 somniat
1984 4914 2007 4950 r.
2028 4901 2073 4962 d.;
2101 4900 2142 4949 sln
2163 4912 2223 4949 rero
2243 4910 2274 4949 aa

593 4995 801 5056 againemnums
821 4994 908 5045 verbis
930 4989 981 5043 oda
1000 4992 1114 5059 ι’φέξειε
1135 4989 1222 5061 στόμα
1242 4992 1337 5054 (1283)
1357 4991 1409 5041 tale
1429 4991 1493 5051 quid
1513 4993 1615 5043 eruisse
1634 4991 1687 5042 sibi
1701 4992 1775 5041 risus
1789 4997 1841 5056 est,
1860 4978 2057 5051 interpretantis
2075 5000 2184 5039 marcere
2204 4988 2275 5038 mala

588 5087 697 5135 lnnetns
716 5090 766 5134 est.
