5367 6425
1415 851 1456 918 lc

588 1063 812 1122 consulantur.
850 1051 962 1154 'Quare
984 1055 1023 1117 ab
1045 1056 1111 1133 ipsa
1134 1053 1268 1133 bamba,
1291 1071 1372 1136 quae
1393 1057 1462 1119 suia¹
1480 1073 1550 1122 cum
1572 1075 1643 1126 rere
1666 1059 1777 1132 misera
1796 1059 1902 1130 emon
1916 1070 1981 1128 tum
1996 1061 2117 1130 ioriiter
2131 1064 2276 1147 semigar

588 1183 658 1231 curn
689 1166 781 1230 rebus
809 1165 965 1243 aduersis,
997 1169 1175 1246 primariam
1205 1177 1323 1247 parton
1345 1171 1405 1250 ,agi
1433 1171 1481 1238 rix
1499 1177 1567 1246 est,
1600 1169 1684 1249 trud
1712 1187 1864 1242 moneam.
1913 1171 2030 1242 Verum
2062 1173 2217 1246 Hecubam
2247 1178 2275 1240 si

587 1280 722 1344 maxime
742 1295 801 1346 uus
824 1279 983 1354 miserari,
1012 1278 1156 1342 Hecubae
1183 1280 1241 1341 soii
1268 1296 1326 1342 uos
1355 1288 1492 1348 metuere
1520 1283 1730 1357 concesseris,
1749 1283 1785 1344 si
1810 1297 1911 1361 porro
1931 1301 2097 1363 quemnam
2120 1287 2158 1348 ad
2181 1288 2273 1354 linem

587 1393 721 1472 tragica,
751 1407 831 1470 quae
857 1392 937 1454 inter
965 1390 1126 1453 mulierem
1149 1399 1178 1455 et
1196 1387 1333 1460 Graecos
1355 1398 1419 1466 est,
1452 1394 1605 1462 contentio
1627 1391 1803 1472 Polyxenus
1825 1395 2034 1468 immolatione
2056 1398 2204 1475 perducta
2223 1400 2275 1474 sii,

527 1572 531 1576 Α
587 1505 781 1586 cogitaveris,
805 1509 932 1582 propter
953 1501 1034 1564 bone
1057 1503 1158 1580 ipsum
1182 1519 1286 1564 rerum
1309 1503 1425 1565 exitum
1451 1519 1509 1581 pro
1531 1504 1690 1584 tragoedia
1712 1513 1833 1582 poetam
1858 1507 1946 1578 uobis
1969 1511 2167 1586 proposuisse
2189 1511 2274 1584 dices

586 1632 701 1681 meram
730 1615 1037 1690 calamitatemque
1067 1611 1181 1679 iemiua
1210 1614 1461 1678 innocentissima
1489 1605 1716 1693 ceque'omni,
1739 1632 1804 1694 qua
1825 1632 1860 1678 se
1875 1615 2050 1686 ¹deioudero
2072 1621 2182 1697 possit,
2211 1637 2272 1700 ope

586 1727 730 1791 destituta
751 1727 852 1794 subito
876 1729 902 1787 ri
923 1733 1030 1804 aperta
1052 1726 1083 1788 in
1105 1741 1256 1794 mmmaru
1282 1728 1436 1792 miseriam
1461 1726 1640 1798 darocam
1662 1743 1844 1807 summaque
1867 1729 1977 1807 iniuria
1996 1729 2166 1798 adiicietur.
2203 1731 2271 1804 lam

584 1857 655 1904 vero
684 1839 870 1922 Polyxenam
899 1837 1042 1918 quidem,
1076 1852 1155 1914 quae
1184 1845 1264 1899 tanta
1294 1839 1500 1916 generositate
1522 1846 1643 1900 mortua
1665 1839 1718 1914 sit,
1751 1831 1905 1902 victricem
1927 1842 2056 1904 erasisse
2078 1851 2209 1919 constat,
2241 1853 2272 1912 el

585 1949 739 2017 ilmrtbam
762 1953 847 2015 omni
869 1967 907 2014 ex
931 1956 1016 2028 pario
1039 1948 1237 2014 succubuisse
1260 1950 1308 2023 iis,
1328 1965 1347 2011 a
1370 1948 1482 2028 quibus
1504 1949 1618 2026 injuria
1640 1952 1803 2014 commissa
1826 1953 1880 2026 sii,
1904 1935 1966 2018 uon
1988 1938 2088 2018 minus
2110 1956 2140 2014 in
2162 1963 2270 2032 aperio

583 2072 639 2129 ast.
686 2059 770 2140 Quid
793 2059 914 2143 igitur?
956 2059 1064 2122 Nonne
1094 2062 1161 2138 ipsa
1187 2060 1238 2122 iiia
1270 2059 1447 2140 Poiyxeoae
1476 2061 1552 2124 mira
1578 2063 1703 2128 victoria
1722 2041 1915 2134 Graecorum
1937 2065 2049 2143 injusta
2070 2082 2159 2132 causa
2181 2068 2270 2144 quasi

583 2172 813 2253 quodammodo
843 2171 888 2234 rei
912 2171 1031 2249 expiata
1053 2171 1214 2249 ipsiusque
1235 2172 1401 2249 injustitiae
1424 2173 1551 2242 maculis
1575 2181 1703 2255 purgata
1725 2172 1866 2240 ridetur?
1910 2174 1974 2240 iioc
1996 2185 2114 2251 antem,
2147 2177 2270 2255 siquid

570 2286 681 2382 tuideo,
705 2284 830 2349 ioedum
861 2290 923 2357 est,
949 2283 1097 2360 quoniam
1127 2299 1163 2345 ea
1191 2289 1261 2345 ante
1288 2283 1396 2346 ocuios
1419 2267 1582 2362 exponitur
1604 2285 1733 2361 injuria,
1767 2301 1845 2365 quae
1867 2286 1965 2363 ipsius
1987 2288 2114 2354 actionis
2136 2289 2269 2356 decursu

583 2397 672 2474 quasi
694 2395 733 2457 ab
753 2392 880 2458 infamia
904 2394 1041 2459 rideatur
1063 2393 1204 2469 liberari,
1230 2411 1327 2473 quum
1351 2396 1444 2462 simui
1468 2395 1550 2460 iiliae
1566 2398 1790 2477 generositate,
1813 2413 1873 2476 qua
1897 2413 1953 2476 per
1974 2415 2008 2460 se
2031 2399 2143 2466 exceisi
2165 2408 2195 2463 et
2216 2400 2269 2464 alti

581 2509 659 2589 quid
682 2509 735 2574 loti
750 2507 869 2572 actioni
893 2507 1079 2587 aspergitur,
1101 2507 1207 2570 matris
1230 2508 1356 2572 miseria
1380 2523 1417 2576 eu
1440 2509 1539 2587 magis
1561 2480 1740 2576 iliustretur.
1793 2561 1799 2573 ‚
1847 2549 1849 2554 .
2256 2569 2259 2576 ,

751 2615 811 2682 Seri
830 2619 896 2696 jam
921 2619 1124 2697 posteriorem
1148 2615 1271 2681 iabulae
1295 2626 1430 2696 partem,
1455 2634 1549 2697 quatu
1571 2621 1602 2688 itt
1624 2618 1844 2699 Polymestoris
1866 2619 1994 2688 vindicta
2016 2623 2129 2690 versari
2152 2620 2266 2697 simunt.

581 2733 622 2794 ita
646 2731 898 2811 perstringamus,
922 2745 990 2791 eam
1014 2737 1046 2792 ut
1068 2738 1190 2807 praeter
1212 2728 1356 2794 Hecubae
1373 2738 1478 2808 partes
1495 2746 1566 2792 cunr
1582 2732 1686 2808 priore
1701 2730 1775 2800 qiirii
1791 2747 1954 2800 cucumulae
1971 2733 2084 2798 babere
2100 2749 2268 2811 parumper

582 2857 745 2920 ponamus.
789 2841 883 2921 Quod
905 2843 931 2905 si
955 2839 1140 2914 fecerimus,
1152 2850 1235 2904 certe
1260 2842 1394 2919 speciem
1417 2841 1570 2920 quandam
1586 2843 1717 2912 terimiis
1733 2859 1772 2906 ex
1787 2841 1951 2912 Hermaoni
1963 2843 2082 2920 judicio
2097 2844 2150 2911 iiio
2165 2843 2266 2912 duris·

578 2957 658 3018 simo
682 2960 730 3032 (p.
750 2953 818 3028 16),
839 2951 1009 3016 seeundum
1029 2953 1116 3030 quod
1144 2954 1244 3017 aniius
1267 2951 1389 3018 iabuiae
1411 2961 1535 3031 praeter
1555 2969 1667 3018 nomen
1683 2961 1722 3018 et
1742 2970 1846 3018 versus
1869 2954 1942 3024 uibii
1965 2953 2056 3022 babet
2077 2953 2265 3035 tragoediae,

580 3079 736 3130 eruemus.
779 3063 865 3130 Anus
893 3066 1093 3144 proponitur,
1122 3081 1202 3143 quae
1225 3074 1391 3144 conspectu
1415 3065 1469 3134 ulii
1491 3063 1631 3132 trucidati
1651 3065 1690 3133 ad
1715 3064 1828 3132 rabiem
1852 3064 1953 3132 subito
1975 3074 2083 3132 erecta¹
2096 3082 2153 3143 per
2174 3066 2264 3144 piane

578 3179 767 3260 singularem
801 3173 991 3243 Graecorum
1025 3176 1174 3257 principis
1207 3177 1357 3258 ignaviam
1390 3167 1457 3256 ipsa
1490 3176 1528 3241 de
1561 3176 1701 3241 occisore
1731 3174 1785 3241 iiiii
1813 3175 1915 3241 diram
1945 3175 2130 3255 suppiicium
2161 3178 2264 3241 sumit

577 3293 683 3370 itaque
713 3290 808 3353 babes
837 3289 924 3352 ailcri
952 3290 1086 3353 bominis
1116 3290 1324 3352 scelestissimi
1354 3288 1469 3371 iiagitio
1498 3289 1628 3355 aiterum
1656 3288 1794 3355 mulieris
1818 3280 1957 3367 graviter
1985 3288 2141 3359 lacessitae
2163 3290 2263 3367 impo-

577 3406 688 3478 situm,
719 3418 852 3483 quorum
876 3411 946 3465 utro
968 3404 1067 3484 magis
1091 3400 1270 3480 oueudaris,
1293 3400 1421 3463 haereas
1443 3402 1586 3471 incertus,
1628 3397 1696 3463 Non
1720 3400 1800 3465 eninr
1822 3401 1895 3462 satis
1917 3399 2099 3477 perspicias,
2128 3413 2261 3477 quanatu

579 3517 664 3599 gravi
693 3516 732 3579 de
753 3531 843 3577 causa
867 3530 917 3577 res
940 3522 1000 3577 tam
1023 3512 1195 3592 terribiles,
1225 3520 1258 3575 ut
1286 3528 1383 3590 quae,
1411 3528 1506 3590 quum
1529 3511 1771 3593 indignationem
1794 3513 1897 3590 potius
1920 3527 2012 3590 qnam
2035 3511 2261 3577 miserationem

574 3630 733 3708 animique
754 3626 943 3691 sedationem
966 3624 1116 3701 efficiant,
1142 3641 1202 3703 per
1223 3642 1258 3687 se
1279 3640 1390 3703 parum
1412 3624 1547 3703 tragicae
1569 3608 1743 3697 rideantur,
1765 3640 1870 3691 coram
1893 3622 2115 3703 spectatoribus
2138 3622 2262 3683 omnino

575 3751 714 3822 agantur.
753 3737 874 3802 Accedit
896 3738 1027 3802 aiterum
1049 3736 1143 3815 idque
1158 3738 1385 3818 gravissimum,
1408 3736 1492 3814 quod
1508 3751 1569 3807 res,
1591 3750 1671 3814 quae
1686 3743 1913 3814 proponuntur,
1937 3750 2045 3813 parurn
2061 3732 2262 3811 probabiliter

572 3853 753 3933 procedunt.
799 3851 916 3913 Etenim
939 3848 1063 3912 iiecuba
1086 3850 1139 3929 qui
1161 3849 1228 3911 lieri
1251 3856 1352 3926 potest
1375 3855 1407 3909 ut
1429 3846 1523 3909 iiiiurn
1549 3848 1683 3909 occisum
1707 3862 1775 3908 esse
1797 3864 1814 3907 a
1837 3844 2048 3925 Polymestore
2070 3854 2099 3905 et
2120 3846 2185 3921 ipsa
2202 3858 2258 3919 pro

571 3967 743 4029 certissimo
766 3964 878 4025 habeat
900 3971 929 4023 et
951 3959 1135 4040 persuadeat
1158 3957 1349 4022 Graecorum
1373 3956 1530 4039 principii
1563 3956 1717 4036 Numquid
1741 3960 1837 4019 risum
1860 3956 1936 4019 iilud
1959 3965 2153 4029 nocturnum,
2176 3952 2258 4033 quod

572 4079 632 4141 sibi
654 4077 846 4140 obversatum
871 4091 939 4137 esse
960 4071 1093 4137 afirmat
1115 4089 1171 4134 nec
1193 4081 1307 4151 umen,
1330 4071 1421 4151 quale
1444 4070 1551 4147 fuerit,
1573 4070 1647 4131 satis
1670 4068 1799 4143 indicat,
1823 4070 1895 4131 lauti
1919 4069 2065 4131 momenti
2087 4074 2149 4141 est,
2170 4074 2204 4128 nt
2226 4066 2256 4127 in

567 4207 607 4252 >re
630 4188 750 4267 eapitaii
772 4193 953 4266 argumenta
975 4200 1176 4263 compensare
1197 4182 1320 4262 possiti
1363 4182 1409 4245 An
1440 4182 1584 4262 precibus
1613 4180 1750 4245 mulieris
1780 4180 1965 4241 commoveri
1995 4179 2130 4255 opinaris
2159 4179 2256 4239 virum

572 4300 816 4374 timidissimum,
839 4298 891 4376 qui
913 4295 1175 4376 Polymestorem,
1197 4295 1269 4357 iicet
1292 4302 1437 4373 oportere
1460 4310 1530 4356 eum
1554 4304 1667 4372 poenas
1689 4290 1764 4353 dare
1787 4306 1847 4350 non
1872 4290 1967 4367 possit
1984 4304 2050 4350 ¹non
2074 4288 2256 4368 intelligere,

573 4411 690 4473 socium
721 4410 830 4471 babeat
853 4402 1104 4486 Graecorumque
1134 4406 1275 4469 invidiam
1301 4423 1404 4473 revera
1429 4407 1526 4488 magis
1548 4410 1640 4485 quam
1664 4402 1842 4482 injustitiam
1864 4418 1967 4463 servae
1990 4384 2255 4479 iiialam'perbor·

570 4521 697 4585 rescat?
740 4519 852 4582 Parum
881 4518 912 4581 iri
939 4518 1104 4582 verisimile
1133 4536 1188 4581 nec
1211 4519 1315 4579 minus
1338 4527 1438 4580 tamen
1462 4515 1611 4591 irminae,
1634 4531 1726 4593 quam
1750 4511 1906 4575 iracundia
1929 4511 2126 4577 exardescere
2148 4509 2255 4583 videat,
2375 4538 2382 4553 ·

568 4632 760 4715 indulget.¹²)

569 4826 661 4890 mancii
681 4824 725 4877 iiia
746 4825 906 4886 constamia,
924 4835 976 4884 qna
996 4824 1149 4873 necessitati
1169 4828 1259 4883 pareat
1279 4831 1444 4883 mortemque
1457 4823 1562 4884 subeat,
1582 4818 1704 4870 cnceiiit:
1725 4829 1776 4878 que
1792 4829 1819 4867 rc
1833 4816 1912 4867 eciam
1926 4814 1964 4880 fit,
1985 4822 2015 4865 ut
2027 4814 2129 4865 viritem
2144 4812 2252 4874 virginis
2313 4850 2317 4855 .

570 4915 686 4969 tanatem
712 4914 798 4975 mugio
824 4913 985 4965 admiremur
1009 4924 1090 4974 quum
1118 4914 1177 4973 cius
1201 4918 1317 4976 sortem,
1346 4923 1414 4973 qnae
1439 4912 1490 4973 ipsi
1510 4914 1630 4973 exoptata
1652 4909 1701 4971 sit,
1727 4908 1896 4957 miseremur.
1933 4904 1991 4957 iton
2011 4904 2096 4963 magis
2116 4900 2251 4963 (iruppius

567 5004 696 5072 (Ariado.
716 5015 742 5063 p.
763 4999 834 5068 8⁷⁵)
855 5007 948 5063 posue
966 5003 994 5050 in
1013 5000 1161 5062 Psineuris
1180 5001 1302 5051 moribus
1321 5000 1504 5063 proponendis
1523 4999 1664 5051 consitium
1687 4996 1823 5049 iuteitcric

678 5105 710 5170 ¹²)
733 5107 810 5156 iiand
832 5107 923 5170 dubis,
943 5106 969 5157 tn
990 5118 1080 5156 errore
1099 5113 1219 5157 rarsstnr
1238 5105 1368 5167 iiartmg.
1389 5102 1463 5165 (iim.
1478 5114 1540 5155 rest.
1559 5118 1588 5165 p.
1600 5102 1679 5171 bii),
1695 5116 1782 5166 qnunr
1802 5103 1890 5155 dicrtc
1911 5112 2014 5164 „nsque
2032 5097 2161 5151 credibile
2179 5103 2252 5149 mart
