5367 6425
1365 784 1432 872 ¹4.
1540 843 1547 858 .

572 1017 678 1077 matris
709 1013 843 1078 intorem
872 1014 1070 1078 solitudinem
1097 1014 1205 1093 paucis
1233 1030 1322 1076 suam
1349 1015 1447 1092 ipsius
1475 1025 1702 1093 praematuram
1725 981 1855 1096 eamque
1884 1019 2091 1096 turpissimam
2116 1028 2258 1096 mortem,

571 1127 666 1190 altera
688 1127 734 1188 vel
758 1128 889 1190 maxime
910 1142 996 1197 suae,
1019 1143 1099 1204 quae
1121 1124 1226 1188 lutura
1246 1126 1296 1203 sit,
1317 1127 1410 1188 sortis
1431 1127 1621 1205 iniquitatem
1644 1130 1758 1209 cogitat
1771 1138 1863 1208 atque
1878 1127 2028 1207 deplorat.
2062 1130 2141 1194 llaec
2156 1140 2255 1196 manen

570 1256 667 1319 quum
701 1256 734 1300 se
766 1255 832 1300 esse
863 1239 1087 1315 miserrimam,
1115 1237 1307 1298 miseriorem
1337 1237 1398 1299 fllia
1420 1221 1735 1302 interium-desinat
1759 1239 1850 1313 (itt.
1873 1241 1946 1303 itt.
1964 1213 2042 1305 'tau
2065 1241 2137 1304 iae.
2161 1215 2256 1322 itt),

572 1360 729 1429 postremo
758 1349 798 1412 de
823 1348 980 1429 Polydoro
1010 1349 1091 1423 illio,
1120 1347 1200 1424 solo,
1231 1347 1315 1424 quod
1342 1350 1486 1426 supersit,
1513 1350 1622 1412 solatio
1647 1352 1826 1434 gravissime
1847 1349 2070 1416 admonetnra
2093 1354 2171 1430 filia,
2196 1370 2257 1433 qua

574 1463 705 1525 abducta
732 1460 892 1523 doloribus
920 1476 1017 1538 paene
1047 1457 1141 1521 inacta
1151 1458 1177 1530 5)
1207 1467 1347 1520 mortuae
1376 1461 1472 1521 instar
1499 1461 1640 1524 concidit.
1677 1497 1717 1504 -
1752 1461 1914 1522 Stasimum
1936 1464 1960 1523 l.
1986 1437 2032 1542 (v.
2057 1463 2258 1542 itt-⁴83).

574 1572 725 1651 Troades,
749 1587 842 1651 quem
865 1570 977 1648 cuique
999 1571 1159 1632 dominum
1181 1570 1345 1647 locumque
1368 1587 1436 1632 sors
1458 1569 1565 1634 datura
1587 1575 1636 1647 sit,
1658 1582 1844 1652 reputantes,
1865 1583 1894 1637 et
1917 1575 1995 1637 mala
2014 1577 2078 1653 jam
2094 1577 2258 1654 praeterita

572 1695 604 1748 et
628 1702 708 1764 quae
731 1682 831 1747 lutura
854 1685 925 1758 sint,
947 1684 1069 1763 negotia
1091 1682 1211 1744 seruilia
1233 1681 1447 1760 deplorant⁶).
1756 1751 1758 1756 s
2015 1729 2018 1736 r

747 1795 938 1875 Epeirodcfum
959 1793 1003 1854 ΙΙ.
1025 1794 1073 1870 (v.
1093 1792 1292 1865 itt—629).
1327 1793 1425 1856 Tiuito
1448 1794 1534 1857 chori
1556 1787 1672 1858 cantico
1694 1799 1726 1856 in
1749 1812 1869 1858 scenam
1892 1796 2046 1859 inducitur
2067 1796 2258 1879 Talthybius,

580 1905 769 1972 Graecorum
793 1922 916 1984 praeeo,
937 1921 1030 1984 quem
1051 1905 1270 1966 arcessiturum
1292 1903 1461 1987 Hecubam,
1485 1916 1518 1968 ut
1539 1908 1605 1986 ipsa
1628 1907 1707 1970 tiliae
1728 1905 1929 1980 defuncturo
1952 1910 2087 1970 instituat
2106 1907 2260 1985 lnuebria,

505 2002 508 2007 ⁴
579 2023 729 2085 miserunt
751 2017 884 2094 Atridae.
927 2017 957 2078 ls
978 2017 1074 2097 igitur
1097 2024 1128 2077 ut
1150 2024 1195 2078 est
1218 2032 1314 2076 senex
1336 2017 1437 2096 grauis
1458 2025 1550 2098 atque
1573 2018 1732 2090 honestus,
1755 2033 1850 2098 quum
1866 2021 2062 2097 conspexerit
2076 2019 2158 2082 illam
2174 2020 2259 2082 humi

577 2173 870 2190 ..Μ

684 2268 709 2334 ι)
729 2269 829 2319 Versus
848 2264 1002 2330 itt-ate,
1023 2277 1092 2326 qnos
1111 2264 1145 2313 ab
1165 2262 1276 2313 Hecuba
1295 2273 1367 2314 certo
1387 2267 1554 2327 abiudicabis
1574 2294 1611 2304 —
1630 2268 1726 2318 mirum
1746 2269 1817 2318 enim
1837 2270 1863 2317 in
1884 2270 1992 2318 modum
2013 2267 2138 2331 languent
2156 2269 2255 2320 auditis

578 2361 621 2424 is,
653 2358 827 2422 quaerundo
854 2358 1016 2406 antecedunt
1039 2348 1218 2422 (dantium,
1247 2353 1343 2420 cuttu.)
1366 2361 1393 2404 et
1417 2356 1442 2405 in
1468 2356 1537 2417 ipsis
1561 2357 1650 2407 verbis
1676 2357 1756 2406 nimis
1782 2356 1918 2408 artificiosi
1942 2360 2006 2420 qnid
2027 2359 2173 2410 habent-
2193 2371 2254 2408 cum

575 2449 712 2519 ltindoriio
738 2447 827 2509 potius
847 2446 988 2495 damnandi
1009 2457 1087 2505 qnam
1109 2457 1169 2492 cnm
1192 2442 1345 2492 Hermanno
1365 2447 1444 2493 ctrnro
1465 2444 1599 2494 tribuendi
1620 2451 1691 2494 sunt.
1732 2447 1854 2506 lienique
1874 2446 1991 2496 redolere
2011 2447 2132 2497 vidcutnr
2153 2447 2254 2497 lutilem

569 2538 685 2598 opellam
705 2537 838 2598 hominis,
863 2535 907 2594 qul
928 2534 1079 2593 speciosam
1101 2532 1222 2581 Helenae
1242 2534 1446 2583 exsecrationem
1467 2534 1578 2582 hicnon
1599 2532 1668 2582 male
1689 2546 1718 2582 se
1740 2535 1834 2584 habere
1854 2536 1980 2596 opinatus
2000 2537 2045 2600 sit,
2066 2550 2146 2597 quum
2166 2519 2256 2598 respi-

569 2632 641 2677 ceret
666 2626 777 2674 maxime
804 2623 878 2672 chori
904 2622 983 2672 rerba
1009 2635 1033 2671 r.
1053 2620 1108 2669 uta
1127 2633 1207 2682 sqq,
1227 2619 1288 2680 'lam
1318 2622 1436 2680 ciusdem
1463 2637 1486 2671 r.
1506 2621 1576 2686 635,
1609 2624 1735 2672 Hecubae
1754 2635 1777 2672 v.
1801 2621 1862 2672 265.
1900 2621 1976 2683 Quae
2002 2625 2110 2686 quidem
2133 2625 2255 2687 snsplclo

570 2714 728 2776 gratissime
747 2713 881 2762 Troadum
900 2711 1021 2762 versibus
1039 2710 1101 2772 ⁷7⁴2,
1121 2710 1174 2759 77³
1196 2711 1304 2762 inicitur
1323 2711 1437 2761 collatis.

678 2817 706 2884 ⁶)
727 2817 761 2866 ttt
780 2819 814 2867 de
834 2817 907 2868 chori
927 2817 1022 2866 mnttci
1043 2816 1122 2876 haqus
1141 2814 1250 2864 tabulae
1269 2816 1364 2878 paucis
1384 2818 1481 2881 dicam,
1503 2825 1572 2868 recte
1592 2817 1689 2868 iecisse
1710 2825 1814 2881 poetam
1828 2832 1925 2870 censeo
1940 2832 2000 2869 cum
2016 2821 2163 2882 Hartunqio
2177 2819 2252 2881 (Eur.

567 2908 643 2957 lieet.
665 2921 691 2968 p.
712 2906 790 2971 58³),
812 2918 893 2966 quum
913 2905 949 2954 ita
972 2918 1018 2954 eos
1043 2912 1231 2966 componeret,
1258 2910 1288 2952 nt
1306 2918 1359 2955 nnn
1380 2912 1450 2958 totus
1470 2918 1500 2955 se
1518 2907 1551 2955 ad
1571 2905 1709 2957 Hecubam
1730 2907 1888 2972 applicaret,
1914 2909 1961 2960 sed
1983 2920 2149 2976 communem
2169 2911 2253 2971 masis

569 2991 682 3057 captiuis
710 2997 836 3044 omnibus
862 3001 959 3043 sortem
986 2993 1082 3043 chorus
1106 2997 1249 3053 spectaret.
1293 2992 1369 3044 Certa
1390 2995 1536 3044 sententiae
1555 2997 1690 3057 graviores
1710 2998 1868 3057 captivarum
1888 2998 2007 3046 moribus
2027 3011 2120 3059 parurn
2141 3011 2254 3059 respon-

569 3085 678 3147 derent,
709 3083 890 3145 querimoniae
916 3093 993 3142 vero,
1023 3086 1133 3130 matrem
1157 3077 1296 3141 filiamque
1315 3089 1474 3148 spectantes,
1504 3085 1554 3132 rim
1575 3085 1701 3144 tragicam
1722 3079 1810 3145 potius
1832 3085 2000 3134 debilitarent
2018 3099 2098 3147 quam
2117 3094 2251 3144 auxerant.

567 3171 690 3223 Similem
716 3173 743 3223 in
770 3173 878 3222 modum
903 3169 945 3220 Fr.
965 3169 1081 3220 llanmer
1100 3167 1216 3227 (vertes.
1238 3171 1318 3221 neber
1337 3171 1389 3220 alte
1410 3170 1507 3223 Gesch.
1531 3173 1567 3238 11,
1587 3185 1614 3235 p.
1635 3173 1719 3235 adiit:
1747 3175 1804 3225 dies
1823 3171 1977 3225 Tarbreiten
1998 3175 2045 3225 des
2065 3175 2197 3226 iuteresse
2216 3177 2252 3225 ist

568 3264 616 3311 der
635 3261 863 3323 Haupthandlnnq
882 3260 956 3310 nicht
974 3258 1154 3321 nachtheillq;
1174 3270 1205 3308 es
1227 3260 1363 3310 eracheint
1381 3262 1509 3311 natiictich
1529 3264 1582 3311 und
1597 3262 1718 3324 auglet'ch
1730 3262 1771 3313 als
1787 3256 1947 3315 mildernder
1960 3264 2129 3325 thepnntct.
2159 3262 2252 3325 ltaque

568 3354 617 3403 hoc
644 3351 803 3415 stasimum,
830 3351 901 3411 qnod
928 3349 950 3397 si
976 3350 1064 3397 sotum
1083 3348 1259 3399 Aristotelem
1282 3352 1314 3399 de
1335 3350 1407 3399 churi
1431 3351 1455 3399 ui
1475 3350 1652 3402 disserentem
1672 3357 1755 3421 tpoet.
1775 3365 1832 3413 cap.
1853 3351 1898 3415 28)
1919 3328 2055 3417 sequeris,
2083 3353 2108 3401 in
2128 3364 2250 3413 magnam

567 3441 787 3501 vituperationem
813 3438 897 3501 cadit,
927 3439 1023 3488 habeas
1051 3438 1246 3489 deuerticulum
1274 3439 1407 3501 quoddam
1434 3440 1514 3502 idque
1533 3428 1720 3509 aptissimum,
1746 3456 1799 3506 qno
1818 3444 1944 3494 commoti
1963 3448 2143 3503 spectatorum
2169 3442 2250 3491 animi

568 3531 764 3593 aliquantalum
784 3529 925 3586 leniantur,
945 3540 1031 3589 neque
1050 3532 1137 3576 tarum
1157 3526 1191 3576 ab
1212 3528 1286 3589 ipsis
1306 3526 1432 3579 Hecubae
1454 3532 1533 3579 rebus
1554 3542 1665 3591 prorsus
1680 3532 1862 3587 deflectantur.
1893 3528 2061 3592 Quamquam
2078 3542 2156 3581 secus
2170 3529 2251 3579 sentit

568 3623 602 3671 de
620 3622 671 3670 hnc
691 3620 803 3669 stasimo
823 3619 992 3667 Hermannns
1013 3614 1096 3682 (Hec.
1119 3618 1199 3678 praet.
1222 3632 1247 3679 p.
1270 3618 1327 3684 16).

676 3713 817 3785 Ἶῦοιιιτε
837 3729 895 3781 ens,
915 3720 960 3779 qui
980 3715 1138 3778 Euripidem
1159 3718 1226 3766 duas
1250 3717 1407 3768 contudisse
1428 3732 1526 3769 scenas
1545 3720 1648 3783 dicunt,
1668 3726 1738 3770 rectc
1757 3718 1886 3769 disseruit
1899 3717 2109 3769 (hilermannus
2121 3720 2154 3767 ad
2169 3716 2249 3777 uad,

566 3821 650 3871 quum
669 3807 772 3871 doceat,
793 3818 901 3857 scenam
920 3818 1023 3871 eornm,
1043 3818 1112 3869 qaae
1132 3818 1226 3855 coram
1247 3808 1444 3868 spectatoribus
1457 3813 1581 3871 aguntur,
1602 3821 1680 3859 unam
1699 3820 1760 3857 esse
1779 3819 1891 3868 eamque
1909 3809 1934 3856 in
1950 3808 2078 3857 Thraciae
2090 3809 2249 3857 chersoneso

567 3897 758 3960 constitutam,
785 3898 941 3958 Polyxenam
968 3907 1029 3943 vero
1055 3894 1187 3944 immolari
1215 3907 1296 3956 snpra
1324 3895 1439 3945 Achillis
1466 3898 1596 3946 tumulum
1618 3898 1642 3946 in
1662 3897 1721 3957 ipsa
1740 3896 1842 3947 Troade
1860 3897 1951 3945 sitnm.
1989 3895 2049 3960 Qua
2070 3895 2096 3943 in
2117 3907 2144 3944 re
2163 3894 2187 3943 sl
2208 3896 2250 3944 cni

566 3987 647 4037 nimis
675 3985 793 4035 celeriter
818 3999 846 4033 ex
872 3985 975 4033 Troade
1003 3985 1028 4034 iu
1056 3984 1253 4033 Chersonesum
1281 3981 1385 4034 ridetur
1412 3986 1525 4036 rediisse
1550 3985 1719 4048 Talthybius,
1749 3983 1773 4033 is
1797 3983 1916 4045 prolecto
1937 3985 2017 4032 nimis
2037 3988 2164 4041 accustus
2184 3982 2250 4033 lines

569 4075 663 4125 tribuit
682 4075 785 4136 legibus
805 4072 872 4136 illis,
892 4086 960 4134 qnae
980 4073 1032 4121 lori
1053 4074 1179 4123 unitatem
1206 4073 1389 4135 temporisque
1403 4074 1528 4133 flagitant.
1559 4074 1736 4123 Nihilotamen
1751 4072 1840 4122 minus
1854 4072 1956 4133 opinari
1971 4072 2048 4121 rideo
2061 4070 2251 4120 Ticnhabernm

566 4179 591 4214 a.
610 4168 635 4214 d.
649 4163 733 4225 (llus.
749 4163 833 4213 lthen.
858 4161 938 4222 istit)
957 4175 1012 4213 rem
1032 4163 1068 4211 ita
1087 4162 1151 4221 ungi
1171 4174 1283 4213 necesse
1304 4175 1380 4225 esse,
1403 4173 1432 4213 nt
1451 4163 1581 4225 Polyxena
1602 4166 1629 4213 in
1649 4166 1706 4225 ipsa
1727 4158 1893 4213 Chersoneso
1913 4164 2044 4212 immolari
2065 4162 2178 4223 putanda
2199 4163 2250 4210 sit:

566 4254 665 4303 etenim
693 4252 815 4303 instituto
840 4252 922 4301 semel
948 4252 975 4300 in
1002 4252 1105 4301 Troade
1129 4250 1279 4311 Polyxenae
1304 4252 1438 4303 sacrificio
1461 4252 1606 4314 permirum
1632 4265 1693 4303 esse
1713 4254 1746 4301 act
1767 4265 1866 4313 corpus
1886 4253 1955 4303 filiae
1974 4250 2131 4301 abluendam
2154 4263 2249 4311 aquam

479 4381 485 4391 ,
567 4343 667 4393 hauriri
683 4343 709 4391 in
723 4340 899 4391 Chersoneso.
938 4340 1063 4391 Attamen
1083 4341 1110 4389 id
1125 4342 1224 4404 ipsum,
1247 4343 1319 4401 qaod
1339 4342 1527 4401 grauissimum
1544 4342 1751 4403 deprehendisse
1771 4340 1824 4391 sibi
1838 4343 1912 4391 risus
1926 4346 1967 4392 est
1980 4356 2004 4389 r.
2018 4342 2044 4389 d.
2056 4348 2250 4421 argumentum,

568 4431 646 4488 lacile
667 4430 793 4492 concidit,
814 4430 894 4478 modo
921 4427 1067 4488 Polyxenae
1091 4441 1205 4494 eorpus,
1237 4432 1322 4479 sacris
1348 4434 1374 4480 in
1401 4431 1503 4481 Troade
1528 4432 1657 4495 peractis,
1687 4432 1815 4491 asportari
1842 4431 1868 4479 in
1889 4429 2085 4480 Chersonesum
2105 4428 2250 4490 tingamus:

566 4520 657 4582 aeque
682 4520 780 4582 tingere
807 4519 863 4587 talq·
883 4518 947 4579 qnid
973 4520 1091 4578 ut.llcet
1117 4520 1144 4569 iu
1171 4534 1215 4584 re,
1248 4532 1317 4581 quae
1343 4530 1411 4570 extra
1432 4534 1541 4571 scenam
1560 4522 1662 4584 agitur,
1692 4520 1727 4569 lta
1747 4531 1859 4569 necasse
1878 4519 1997 4583 videtur,
2026 4519 2076 4567 nist
2095 4516 2249 4579 Euripidem

567 4610 745 4671 negligentius
772 4620 853 4670 quarn
877 4606 1003 4658 callidius
1021 4607 1212 4661 immolationis
1242 4608 1330 4660 locnrn
1351 4608 1503 4659 occultasse
1522 4609 1674 4659 statuimus.
1713 4607 1869 4668 Talthybius
1888 4619 1949 4657 cero
1968 4605 2149 4668 quoquest
2173 4606 2248 4666 dicit,

567 4704 659 4767 nuptio
677 4699 732 4769 μὲν
752 4695 838 4766 ὄχλος
856 4700 915 4764 γάρ
935 4690 1079 4765 Ἀχαΐκου
1096 4693 1229 4765 capriaco,
1258 4676 1286 4749 ut
1311 4712 1389 4749 senex
1416 4705 1442 4747 et
1466 4711 1561 4761 praeco
1589 4712 1643 4749 rem
1666 4695 1831 4757 amptiucare
1850 4695 1961 4746 ridetur.
2001 4695 2148 4757 Nimirum,
2174 4692 2250 4743 nacl-

568 4791 692 4851 qantibns
719 4790 746 4839 tn
767 4787 897 4837 Troadem
917 4784 1042 4852 Graecis,
1068 4789 1138 4838 baud
1159 4798 1259 4849 pauens
1280 4788 1306 4836 in
1327 4786 1491 4847 captivarum
1513 4789 1661 4837 custodiam
1681 4785 1843 4836 remansisse
1863 4785 1890 4832 in
1909 4784 1970 4843 ipsa
1990 4783 2156 4833 Chersoneso
2176 4782 2250 4841 cogi-

568 4881 676 4930 tandum
696 4884 745 4927 est.
782 4876 834 4926 Sed
851 4877 916 4938 lam,
935 4888 1019 4937 quum
1038 4877 1071 4927 de
1090 4890 1170 4927 scena
1191 4889 1297 4940 eorum,
1317 4888 1387 4937 quae
1408 4888 1496 4925 coram
1511 4870 1709 4937 spectatoribus
1722 4878 1845 4936 aguntur,
1868 4878 1982 4935 constet,
1995 4872 2107 4921 missam
2122 4870 2249 4919 iaciamus

567 4967 690 5030 alteram,
710 4976 778 5027 qnae
796 4970 839 5014 est
857 4964 891 5013 de
909 4964 1102 5017 immolationis
1121 4967 1190 5029 locu,
1212 4965 1396 5027 quaestionem
1417 4970 1446 5013 ut
1465 4965 1571 5015 latioris
1591 4965 1726 5014 momenti.
1758 4961 1872 5025 Sufficit,
1893 4960 1963 5025 quod
1983 4961 2010 5009 in
2026 4959 2129 5011 Troade
2145 4966 2250 5021 peracta

569 5067 631 5106 esse
650 5064 724 5104 sacra
744 5057 770 5103 et
789 5051 1012 5103 uerisimiltimurn
1031 5061 1073 5105 ast
1090 5060 1117 5103 et
1134 5062 1195 5115 apte
1216 5059 1305 5115 potest
1324 5052 1443 5113 cogitari.
