5367 6425
1269 859 1313 923 23

1125 948 1342 956 Q
1347 949 1378 956 ...-
1394 949 1461 954 ---....

447 1068 593 1148 praesidii
615 1076 645 1130 et
666 1068 772 1130 salutis
794 1084 850 1145 spe
872 1070 903 1128 in
925 1069 1091 1144 perniciem
1115 1081 1207 1127 ruere
1228 1065 1396 1140 rideamus,
1420 1065 1528 1128 babeat
1544 1083 1648 1129 revera
1663 1067 1819 1145 quiddam,
1842 1066 1925 1145 quod
1941 1067 2136 1129 humanitatis

447 1182 582 1259 quodam
613 1196 704 1242 sensu
736 1196 792 1242 nos
822 1180 988 1256 corripiat,
1018 1171 1085 1238 oisi'
1105 1178 1175 1256 orris
1204 1177 1384 1255 obloquitur
1413 1172 1590 1257 Stagiritam
1615 1178 1720 1239 eadem
1744 1180 1877 1256 ratione,
1907 1195 1967 1255 oua
1991 1178 2136 1240 honestos
2196 1249 2199 1256 ¹

447 1291 837 1370 111115(χρῆσιον,ἢοος)
867 1290 906 1355 ad
936 1305 1030 1373 unum
1062 1288 1206 1351 omnibus
1237 1290 1377 1365 personis
1410 1287 1590 1350 tribuendos
1621 1298 1779 1364 censeret,
1812 1290 1888 1352 illud
1913 1291 2134 1368 ,prtdarpunov

450 1378 550 1481 (poet.
574 1402 655 1480 itttt,
678 1402 864 1485 1111111111
887 1401 925 1462 ab
949 1402 1033 1463 omni
1055 1407 1119 1463 arte
1140 1400 1256 1479 tragica
1280 1398 1402 1462 excludi
1425 1401 1567 1463 voluisse.
1606 1399 1650 1462 De
1672 1401 1783 1479 quibus
1805 1401 1895 1464 rebus
1917 1400 2136 1478 quidsenserit

448 1530 593 1587 summus
621 1514 827 1592 philosophus
856 1528 953 1592 quum
982 1521 1067 1574 certo
1089 1511 1260 1589 dijudicare
1282 1510 1364 1574 haud
1388 1513 1426 1572 ita
1451 1509 1541 1592 lacile
1562 1513 1601 1574 sit
1623 1528 1724 1590 neque
1746 1513 1794 1602 bic
1816 1521 1897 1574 certe
1921 1513 2017 1574 tribus
2039 1513 2138 1574 verbis

449 1626 590 1704 expediri
612 1627 728 1704 possit,
759 1633 866 1688 contra
887 1633 1002 1687 tantum
1025 1623 1212 1686 monendum
1236 1624 1359 1696 erit,si
1382 1623 1456 1704 quid
1478 1624 1618 1708 ipsorum
1642 1607 1818 1704 poetarum,
1840 1626 1992 1701 imprimis
2014 1625 2136 1702 summi,

449 1753 541 1826 quem
565 1746 647 1800 terra
669 1736 745 1810 tulit,
768 1738 889 1820 tragici,
912 1725 1093 1813 Shalcsperii
1109 1735 1399 1820 auctoritasraleat,
1422 1750 1525 1796 reuera
1548 1735 1658 1806 locumx
1674 1751 1764 1796 sunm
1789 1736 1818 1796 in
1842 1737 2008 1818 tragoediis
2023 1736 2136 1808 babere

448 1848 496 1910 rel
530 1848 780 1910 sceleratissimos
807 1848 958 1909 homines.
1010 1844 1132 1925 Quodsi
1165 1847 1232 1910 beri
1264 1854 1381 1924 potest,
1415 1855 1549 1936 merga
1578 1845 1740 1908 Ricardum
1772 1848 1894 1908 tertium
1924 1864 1993 1908 vere
2022 1849 2136 1928 tragica

450 1961 597 2022 excitetur
618 1959 792 2033 miseratio,
822 1975 878 2021 cor
900 1959 986 2020 illum
1011 1959 1204 2022 humanitatis
1226 1974 1351 2020 sensum
1375 1974 1448 2040 erga
1472 1956 1644 2034 bominem,
1669 1959 1721 2036 qui
1744 1974 1782 2019 ne
1805 1959 1990 2038 principales
2013 1959 2134 2037 quidem

451 2078 554 2150 partes
583 2079 670 2150 agat,
701 2087 720 2132 a
750 2072 866 2151 tragica
893 2072 981 2148 poesi
1009 2070 1143 2132 alienum
1173 2066 1337 2131 dicamus?
1381 2069 1417 2130 El
1447 2067 1586 2148 prolecto
1620 2085 1681 2130 non
1712 2069 1742 2130 in
1777 2072 1875 2147 majus
1908 2070 1993 2131 rudis
2028 2069 2134 2148 populi

449 2182 597 2264 gaudium
621 2182 694 2244 tales
716 2180 919 2261 Polymestori
943 2196 1044 2242 mores
1067 2198 1085 2242 a
1108 2189 1200 2270 poeta
1221 2179 1351 2242 tributae
1374 2187 1461 2256 sunt,
1490 2181 1544 2242 sed
1568 2197 1629 2258 11111
1652 2181 1750 2260 magis
1773 2179 1929 2260 Hecubae,
1953 2183 2135 2259 carmeiam
2229 2228 2233 2232 -

454 2294 621 2356 ulciscendi
644 2293 762 2356 consilii
784 2295 904 2354 animus
928 2292 1128 2355 exacerbetur
1150 2309 1223 2353 neue
1246 2292 1307 2354 ulla
1330 2293 1456 2354 omnino
1480 2291 1542 2354 odii
1567 2293 1707 2354 remissio
1730 2294 1828 2372 possit
1849 2295 1988 2376 cogitari.
2031 2291 2138 2370 Quare

452 2407 630 2491 poetandi
654 2422 714 2467 oon
736 2405 863 2468 arbitrio
885 2403 1106 2486 Polymestoris
1129 2419 1233 2465 mores
1255 2405 1352 2466 malos
1376 2412 1595 2482 repraesentat,
1617 2403 1706 2468 laude
1728 2403 1830 2482 aliqua
1845 2404 1958 2486 dignus
1974 2411 2029 2476 est,
2052 2403 2136 2482 qrrod

452 2519 562 2580 miram
593 2518 727 2579 bominis
749 2533 819 2579 cum
842 2515 1013 2578 auiditatem
1035 2525 1101 2578 tum
1122 2517 1344 2598 contumaciam
1368 2518 1496 2597 egregia
1518 2524 1583 2578 arte
1610 2515 1759 2594 depinxit.
1800 2515 1867 2578 lam
1890 2533 1962 2578 tero
1985 2533 2022 2578 ne
2046 2517 2074 2578 iu
2099 2531 2136 2577 eo

452 2629 576 2710 quidem
611 2629 845 2716 adstipulamur
867 2627 1062 2706 Hermanno,
1095 2629 1177 2708 qtrnd
1214 2628 1322 2708 longas
1356 2628 1422 2689 illas
1450 2628 1620 2712 orationes,
1653 2627 1766 2706 quibus
1795 2635 1945 2705 tanquam·
1966 2601 2136 2692 iu'lcrcnsi

454 2740 797 2824 certaminelitigantes
819 2757 925 2802 causas
947 2757 1020 2802 suas
1050 2750 1137 2803 orant
1165 2739 1288 2809 Hecuba
1318 2748 1348 2801 et
1373 2737 1583 2826 Polymestor,
1616 2737 1755 2801 laudibus
1777 2740 1842 2800 suis
1864 2741 1980 2826 ornarit
2002 2740 2050 2816 vir
2066 2754 2138 2798 acu-

454 2854 600 2916 tissimus.
644 2852 707 2914 llae
729 2853 810 2913 euim
834 2867 952 2926 revera,
975 2853 1088 2914 uidone
1110 2852 1207 2914 semel
1230 2860 1359 2934 patrata,
1381 2867 1451 2914 cum
1474 2851 1633 2931 longiores
1648 2859 1718 2912 sunt
1733 2858 1763 2912 et
1777 2853 1967 2932 argumentis
1982 2835 2137 2932 pleniores

451 2972 517 3046 tum
547 2964 678 3026 maxime
707 2965 768 3024 sive
799 2961 940 3024 Hecubae
970 2965 1032 3024 sire
1055 2961 1276 3044 Polymestoris
1298 2978 1435 3025 sunrmae
1456 2964 1550 3026 animi
1572 2964 1770 3024 commotioni
1793 2981 1901 3042 parum
1924 2961 2137 3032 accomodatae

455 3091 548 3154 quam
578 3091 674 3153 quae,
707 3075 733 3135 si
761 3091 798 3136 ex
827 3081 932 3137 nostro
958 3073 1083 3152 quidem
1111 3091 1203 3136 seusu
1231 3075 1416 3152 indicandae
1446 3083 1534 3149 sunt,
1567 3075 1605 3137 ab
1638 3075 1722 3137 omni
1753 3083 1839 3153 parte
1862 3076 1979 3152 possint
2002 3071 2138 3152 probari.

454 3187 593 3251 Attamen
615 3202 706 3249 causa
728 3187 795 3266 ipsa
817 3185 855 3248 ab
879 3184 1110 3266 Agamemnone
1131 3187 1269 3248 instituta
1293 3185 1384 3249 babet
1405 3203 1478 3249 sane
1501 3185 1617 3264 aliquid
1640 3187 1845 3249 excusationis
1868 3203 1968 3267 neqtre
1989 3185 2089 3250 solum
2108 3183 2138 3245 in

453 3316 490 3361 eo
513 3300 544 3361 id
568 3300 700 3377 positum
724 3314 792 3360 esse
814 3297 1015 3370 arbitramur,
1044 3273 1220 3377 quod'talla
1245 3308 1273 3359 et
1294 3280 1453 3360 adamasse
1477 3307 1615 3361 nostrum
1639 3315 1739 3377 neque
1761 3298 1954 3377 displisuisse
1977 3297 2140 3359 Athenien-

452 3410 538 3473 sibus
560 3409 675 3473 dicunt.
720 3408 781 3471 lies
804 3411 898 3485 enim,
919 3410 1149 3473 accurrentibus
1173 3410 1309 3490 undique
1332 3408 1475 3485 Graecis,
1503 3418 1533 3472 ut
1556 3413 1621 3495 qui,
1645 3412 1742 3471 utrius
1764 3420 1867 3488 partes
1889 3408 1997 3471 studiis
2020 3416 2139 3469 susten·

454 3509 565 3584 undae
587 3523 658 3611 sint,
679 3521 786 3584 incerti
807 3521 964 3597 haereant,
984 3523 1014 3583 in
1038 3538 1075 3583 eo
1095 3522 1161 3597 jam
1184 3520 1361 3583 discrimine
1383 3530 1552 3598 versantur,
1575 3521 1658 3599 quod
1681 3520 1865 3599 sicquidem
1882 3521 2017 3581 lerrivix
2034 3521 2139 3596 possit.

325 3652 334 3671 =
452 3630 555 3712 Quid,
578 3632 662 3711 quod
685 3630 905 3713 Polymestoris
926 3631 1055 3694 uindicta
1078 3648 1138 3693 oon
1156 3642 1262 3711 potest
1285 3648 1344 3694 non
1369 3636 1503 3713 speciem
1527 3642 1556 3696 et
1578 3632 1780 3697 crudelissimi
1804 3640 1833 3695 et
1854 3632 2043 3709 injustissimi
2068 3629 2140 3691 laci-

453 3748 538 3807 noris
566 3745 604 3805 iis
633 3761 707 3823 prae
731 3760 765 3805 se
786 3742 870 3821 ferre
892 3742 1015 3805 rideri?
1058 3742 1123 3806 lluc
1145 3744 1277 3821 aceedit,
1306 3744 1411 3823 quod,
1442 3762 1537 3824 quarm
1561 3745 1786 3823 Relleropbon,
1815 3743 1952 3822 utramvis
1972 3740 2048 3803 deos
2072 3756 2138 3803 esse

450 3856 584 3935 negarit,
611 3863 770 3933 postremo
799 3861 899 3917 tamen
929 3854 968 3916 de
994 3855 1079 3932 iusto
1110 3872 1213 3917 rerum
1244 3856 1352 3918 ordine
1383 3858 1563 3918 sententiam
1583 3864 1701 3933 mutel,
1721 3836 1832 3919 contra
1853 3854 2071 3935 Polymestoris
2094 3851 2138 3912 vel

447 3960 552 4045 ipsum
586 3966 772 4044 supplicium
803 3968 941 4045 perpessi
965 3973 1045 4028 11111
1067 3966 1185 4029 ridetur
1207 3966 1323 4030 nelaria
1346 3968 1548 4043 contumacia,
1572 3976 1604 4029 ut
1626 3968 1656 4028 in
1679 3967 1815 4029 omniurn
1839 3982 1908 4028 eum
1934 3972 2140 4041 contemplum

448 4077 815 4171 incidere'necessarium
837 4094 933 4156 paene
955 4078 1078 4141 babeas.
1120 4076 1239 4156 Quare,
1262 4096 1300 4142 ne
1321 4082 1352 4143 in
1376 4088 1457 4141 taum
1479 4096 1514 4141 re
1537 4079 1705 4159 quidquam
1728 4078 1837 4141 incerti
1858 4086 2022 4151 remaneat,
2043 4076 2140 4155 ipsios

451 4186 640 4252 Graecorum
662 4190 811 4268 principis
830 4190 949 4266 judicio
972 4191 1059 4270 orrasi
1081 4192 1238 4252 communi
1254 4194 1392 4255 omnium
1408 4194 1564 4271 opinione,
1587 4206 1716 4271 prorsus
1730 4189 1869 4253 damnari
1884 4189 2138 4271 Polymestorem,

404 4312 411 4317 ·
449 4298 641 4379 triumphare
674 4299 828 4362 flectebam
857 4301 942 4362 linxit
969 4309 1068 4379 poeta.
1113 4304 1214 4381 Atque
1232 4304 1298 4381 jam
1321 4320 1357 4365 ex
1382 4302 1602 4383 Polymestoris
1624 4302 1690 4364 dira
1714 4301 1829 4363 lerocia
1851 4301 1916 4362 dira
1939 4302 2027 4361 eriam
2052 4316 2139 4361 exse·

450 4414 547 4473 111111
577 4409 628 4473 illa
658 4410 800 4473 llecubae
829 4419 857 4472 et
887 4410 1125 4492 Agamemnonis
1147 4416 1220 4475 satis
1244 4422 1419 4492 opportune
1441 4414 1560 4475 ridetur
1582 4414 1769 4487 redundare,
1800 4415 1926 4491 quaesi
1950 4419 2030 4473 recte
2053 4412 2140 4471 iutel-

450 4523 584 4586 leximos
614 4530 751 4601 poetam,
782 4538 887 4583 reuera
917 4522 991 4583 nibil
1020 4507 1103 4584 al'iud
1135 4532 1180 4586 est
1201 4528 1260 4586 nisi
1283 4542 1343 4585 noo
1365 4526 1492 4607 vulgare
1515 4526 1659 4605 quidem,
1688 4525 1742 4588 sed
1765 4524 1971 4588 necessarium
1995 4522 2138 4586 indicium

451 4650 617 4713 supremae
639 4634 706 4713 ejus
723 4635 870 4711 iustitiae,
892 4648 983 4712 quac,
1005 4634 1091 4713 qnod
1112 4635 1172 4713 ipsi
1194 4636 1241 4697 illi
1261 4637 1392 4715 injuriae
1414 4636 1549 4700 uindices
1571 4654 1630 4715 pro
1652 4651 1706 4697 sne
1728 4636 1860 4714 quisque
1875 4644 1961 4713 parte
1977 4635 2140 4713 peccarint,

355 4812 359 4820 ¹
448 4744 532 4821 justa
554 4746 594 4805 iis
614 4746 732 4806 1111111
755 4742 946 4818 1111111111)

562 5020 597 5080 ²¹)
615 5022 739 5086 1111111,
758 5020 849 5071 mam.
870 5020 969 5073 llemb.
990 5020 1092 5072 xm:
1113 5023 1204 5074 werin
1222 5024 1383 5074 Aristotcles
1403 5022 1454 5073 den
1475 5024 1618 5097 Euelpides
1639 5024 1689 5073 dart
1709 5022 1885 5083 matiscen
1905 5024 1970 5072 atter
1987 5024 2137 5083 tragisciiutr

452 5110 563 5161 Illcbtrr
581 5115 680 5176 neunt,
702 5122 733 5160 so
753 5111 801 5160 aab
822 5122 851 5160 er
868 5112 945 5161 ntcAr
963 5112 1032 5162 blare
1051 5112 1159 5177 darant,
1188 5114 1252 5163 dass
1272 5112 1315 5161 die
1333 5111 1449 5161 meletos
1468 5112 1555 5163 seinai
1575 5112 1675 5163 Stilclre
1694 5112 1769 5163 daeo
1788 5107 1991 5173 earpualdum
2009 5115 2138 5177 Aaron
