5367 6425
1394 829 1439 894 90

572 1054 665 1116 posse
688 1038 746 1098 nisi
768 1038 799 1098 in
821 1036 917 1099 Ulixis
940 1035 1102 1098 calliditate
1123 1045 1154 1098 et
1173 1040 1361 1111 constantia,
1390 1044 1497 1100 contra
1521 1036 1663 1100 Hecubae
1685 1035 1830 1098 nitionem
1853 1036 1982 1116 cogitari
2001 1053 2066 1098 ,non
2088 1049 2180 1113 posse
2202 1035 2260 1096 nisi

454 1199 458 1212 .
572 1149 602 1208 ia
627 1147 866 1228 Agamemnonis
887 1146 1046 1209 timiditate
1068 1155 1097 1208 et
1119 1149 1330 1224 inconstantia,
1353 1148 1470 1228 quippe
1492 1165 1553 1228 oua
1576 1148 1650 1227 quid
1668 1148 1787 1226 iustum
1810 1145 1858 1219 sit,
1880 1146 1954 1225 quid
1971 1147 2117 1226 injustum
2134 1145 2260 1208 mirifice

573 1257 780 1337 perturbetur.
789 1257 833 1330 ²⁴)
879 1255 942 1320 Sed
963 1240 997 1319 ‘id
1028 1266 1097 1320 ante
1126 1260 1228 1320 omnia
1258 1261 1356 1322 terreri
1379 1261 1469 1322 veiim
1493 1276 1554 1321 nun
1577 1260 1643 1322 sine
1661 1259 1745 1336 justa
1767 1275 1859 1320 causa
1882 1266 2002 1337 poetam
2025 1260 2056 1320 in
2079 1258 2259 1344 exponenda

572 1371 678 1448 priore
700 1370 916 1448 implicatione,
938 1386 1018 1447 qnae
1040 1369 1177 1447 quidem,
1198 1387 1296 1450 quum
1314 1372 1397 1449 jnsta
1420 1371 1573 1432 solutione
1595 1377 1706 1444 eareat,
1729 1371 1748 1430 i.
1764 1387 1791 1431 e.
1806 1385 1852 1444 ea,
1875 1385 1935 1448 qna
1951 1386 2035 1432 mera
2051 1369 2101 1432 ilia
2119 1368 2259 1436 Hecubae

458 1503 461 1506 ⁴
574 1481 655 1543 illata
678 1483 790 1559 injuria
806 1483 958 1561 expietur,
979 1481 1051 1544 buic
1073 1482 1133 1560 ipsi
1154 1483 1301 1545 solutioni
1322 1482 1459 1561 undique
1480 1482 1558 1544 riam
1580 1483 1710 1559 aperiat,
1733 1489 1793 1544 um
1815 1479 1867 1543 diu
1890 1489 2112 1544 commoratum
2136 1489 2260 1561 umque

572 1601 714 1656 accurate
736 1601 932 1671 persecutum
955 1590 1088 1669 esse.²¹)
1898 1649 1901 1663 ,

633 1769 641 1779 ,
741 1703 862 1782 ltaque,
895 1720 990 1781 quum
1021 1702 1137 1782 duplici
1158 1704 1240 1765 malo
1262 1703 1378 1782 duplex
1400 1702 1553 1781 quaedam
1575 1702 1742 1780 implicatio
1765 1711 1870 1780 parata
1891 1704 1946 1779 eit,
1975 1703 2072 1782 priori
2096 1709 2259 1782 posterior,

571 1831 653 1893 qnae
676 1814 820 1895 Polydori
844 1830 919 1877 nece
942 1814 1089 1889 eflicitur,
1119 1815 1163 1878 sic
1185 1822 1301 1876 tantum
1323 1816 1471 1876 inservire
1492 1813 1623 1894 ridetur,
1645 1829 1680 1875 ca
1704 1820 1737 1875 nt
1758 1829 1862 1876 rernm
1886 1816 2132 1878 commutationis
2154 1821 2258 1894 (pera-

572 1935 673 2003 palie)
695 1928 815 2005 copiam
840 1924 983 2004 praebeat
1005 1934 1034 1987 et
1055 1935 1199 2005 unquam
1223 1924 1395 1988 remedium
1419 1913 1510 2004 atone
1532 1926 1765 2017 instrumentum
1788 1927 1844 2003 sit,
1867 1943 1930 2006 quo
1952 1926 2088 1990 adhibito
2111 1944 2156 2003 ca,
2179 1943 2258 2006 quae

570 2038 746 2119 Polyxenae
768 2037 978 2100 immolatione
1000 2045 1179 2116 praeparata
1202 2043 1232 2099 et
1253 2035 1409 2099 cumulata
1432 2038 1511 2117 sint,
1534 2036 1678 2113 enodari,
1707 2045 1799 2116 atque
1820 2036 1996 2116 adjustum
2019 2038 2109 2101 linem
2131 2039 2259 2116 perduci

570 2151 725 2228 possint.=
749 2148 845 2229 Atque
870 2164 978 2212 eornm
1000 2166 1080 2228 quae
1102 2156 1258 2228 asportato
1284 2149 1315 2210 in
1337 2164 1460 2211 scenam
1479 2145 1626 2228 Polydori
1645 2164 1778 2227 corpore
1798 2145 1945 2230 aguntur',
1968 2151 2146 2229 principalis
2167 2167 2258 2213 causa

509 2308 516 2333 ,
571 2278 665 2342 quom
699 2279 734 2334 ex
765 2262 803 2323 iis
833 2259 1005 2338 repetenda
1028 2261 1066 2320 sit
1094 2276 1174 2338 qliae
1196 2259 1382 2350 modoante
1405 2259 1551 2322 terribilia
1574 2257 1652 2322 facta
1675 2251 1751 2338 sin'i,
1781 2269 1907 2324 externo
1930 2261 2055 2342 quidem
2078 2262 2198 2325 vinculo
2221 2279 2256 2326 ex

572 2373 717 2454 Polydori
745 2389 833 2448 nece,
862 2380 892 2434 at
921 2373 1041 2434 interno
1064 2379 1093 2433 et
1111 2370 1290 2451 Polyxenae
1313 2371 1523 2435 immolatione
1545 2369 1669 2434 fabulae
1691 2373 1874 2435 solutionem
1898 2389 2007 2434 nexam
2032 2389 2099 2436 esse
2120 2374 2257 2452 adparet.

568 2484 635 2549 lam
658 2492 778 2563 antem,
800 2486 839 2559 si,
862 2499 941 2563 quae
963 2481 1115 2558 diximus,
1138 2483 1267 2558 babent,
1288 2499 1352 2562 quo
1374 2481 1556 2559 fulciantur,
1582 2501 1643 2546 non
1673 2486 1712 2547 ita
1743 2502 1838 2568 aegre
1867 2483 2021 2560 feremus,
2049 2485 2131 2563 grand
2155 2486 2256 2564 primo

570 2604 694 2675 aspectu
718 2595 784 2673 ipsa
806 2596 951 2674 gerapoli
974 2608 1008 2656 ex
1025 2591 1172 2673 Polydori
1195 2611 1268 2656 nece
1292 2591 1430 2674 profecta
1453 2595 1643 2658 extrinsecus
1658 2594 1778 2658 videtur
1800 2613 1837 2658 ex
1859 2595 2108 2660 antecedentibus
2131 2597 2257 2678 religata

564 2724 650 2772 esse.
695 2706 891 2785 Quamquam
923 2722 990 2767 eam
1021 2694 1188 2768 secundnm
1219 2705 1463 2783 probabilitatem
1489 2705 1642 2785 quandam
1664 2706 1822 2786 ilarionis
1843 2705 1993 2788 negabit?
2035 2705 2079 2770 De
2102 2707 2257 2789 Polydoro
2307 2754 2309 2756 -

510 2864 514 2877 .
570 2821 645 2884 diris
674 2836 707 2880 se
736 2818 896 2880 insomniis
926 2817 1108 2898 exagitatam
1138 2831 1222 2893 esse,
1251 2817 1291 2880 de
1313 2816 1488 2899 Polydoro,
1517 2819 1634 2898 quippe
1656 2818 1724 2880 solo
1746 2818 1858 2881 domus
1879 2835 1953 2882 suae
1974 2821 2183 2895 firmamento,
2210 2818 2256 2881 rel

571 2931 703 2992 maxime
735 2946 768 2991 se
795 2931 867 3010 angi
898 2935 1003 3007 questa
1032 2936 1077 2990 est
1099 2927 1220 2990 Hecuba
1242 2929 1365 2991 ineunte
1388 2926 1509 3006 fabula3
1538 2931 1577 2992 de
1599 2928 1755 3010 Polydoro
1777 2933 1957 3010 gravissime
1979 2933 2164 2994 mentionem
2182 2931 2258 3010 J'ecit

569 3042 630 3104 lilia
654 3039 845 3104 moribunda.
891 3040 927 3102 bt
948 3039 1105 3119 Polydoro
1128 3039 1276 3102 horrendi
1297 3039 1373 3119 quiid
1396 3041 1560 3118 accidisse,
1582 3049 1615 3104 ut
1637 3039 1777 3116 Hecuba,
1806 3044 1845 3105 ita
1869 3051 2058 3121 spectatores
2079 3057 2273 3128 praesensa-y

569 3160 650 3229 runt,
673 3152 818 3231 quoniam
842 3151 971 3215 alterum
995 3150 1034 3215 de
1056 3150 1209 3231 Polyxena
1232 3153 1329 3215 visum
1354 3168 1458 3217 revera
1482 3154 1584 3216 erasit.
1625 3151 1687 3216 Nec
1709 3170 1782 3217 sane
1804 3143 1888 3233 quod
1911 3156 1942 3218 in
1964 3145 2060 3239 ipsam
2084 3151 2256 3236 Polyxenae

569 3265 758 3345 sepulturam
781 3264 918 3326 incidunt
939 3281 991 3325 res
1010 3262 1169 3344 Polydori,
1191 3264 1362 3341 mirabitur,
1385 3266 1452 3345 qui,
1475 3268 1581 3347 quanti
1598 3266 1682 3344 justa
1705 3264 1845 3327 funebria
1868 3265 1998 3329 fecerint
2019 3263 2140 3342 Graeci,
2165 3282 2256 3343 repu-

568 3378 685 3440 taverit.
731 3374 838 3456 Quare
861 3375 923 3455 qno
946 3378 1016 3457 quis
1033 3376 1156 3457 gravius
1178 3375 1293 3439 ollandi
1316 3378 1423 3455 possit,
1445 3375 1475 3438 id
1498 3376 1598 3438 solum
1622 3378 1651 3439 in
1674 3392 1711 3439 eo
1735 3386 1790 3448 est,
1813 3377 1896 3457 quod
1918 3376 2065 3457 Polydori
2087 3393 2202 3455 corpus
2225 3377 2255 3437 in

569 3489 662 3549 maris
685 3488 785 3549 littore
808 3489 960 3562 reperisse
981 3488 1121 3549 ancillam
1144 3487 1230 3557 tinxitv
1251 3496 1353 3565 poeta.
1399 3486 1536 3550 Attamen
1560 3505 1599 3551 ne
1622 3489 1694 3551 vitio
1718 3497 1872 3551 vertamur
1893 3497 2009 3564 nostro,
2035 3488 2117 3568 qnod
2140 3487 2257 3550 videtur

568 3616 641 3662 casn
664 3598 776 3662 factum
800 3615 878 3675 esse,
901 3598 1139 3670 meminerimus
1154 3595 1347 3661 interfectam
1372 3614 1440 3661 esse
1454 3596 1643 3679 Polydorum
1664 3600 1887 3677 inexpectatum
1903 3615 2032 3678 prorsus
2047 3616 2107 3661 uon
2125 3602 2256 3660 evenire.

567 3706 689 3789 Quodsi
719 3718 850 3784 constat,
879 3726 975 3789 quum
1003 3726 1063 3771 non
1093 3710 1159 3771 sine
1181 3724 1272 3771 causa
1296 3712 1366 3778 (οὐκ
1389 3711 1467 3790 stag)
1490 3726 1541 3772 res
1562 3708 1687 3772 fortuita
1712 3712 1847 3781 eveniat,
1876 3727 1938 3772 non
1961 3708 2172 3781 excusandus,
2201 3707 2255 3770 sed

567 3820 739 3883 landandus
765 3828 874 3899 poeta,
905 3822 1021 3900 quippe
1049 3821 1101 3898 oui
1128 3821 1286 3897 aptissime
1308 3836 1344 3881 ea
1367 3837 1442 3882 usus
1464 3821 1513 3883 sit
1557 3819 1656 3900 Atque
1678 3821 1779 3883 laudat
1803 3818 1962 3903 Stagirites
1985 3820 2109 3901 quidem
2133 3829 2165 3883 ut
2186 3820 2254 3898 pul·
2351 3820 2357 3825 '

566 3934 706 3996 bibitores
738 3948 789 3994 eits
811 3932 895 4010 ipsas
919 3929 1056 4004 fabulas,
1086 3932 1117 3991 iu
1147 3931 1260 4009 (lilibus
1288 3948 1361 3994 casii
1390 3931 1475 4007 flant,
1509 3930 1565 3991 lea
1596 3934 1690 4011 ὥςπερ
1722 3940 1903 4005 ἐπίτηδες
1932 3946 2068 4009 φαίνεται
2098 3944 2253 4007 γεγονέναι

675 4234 710 4297 ²⁴)
735 4235 851 4285 Fabulae
879 4236 979 4285 solutio
1005 4248 1087 4296 qnnrn
1108 4249 1136 4284 ex
1156 4249 1188 4284 eo
1212 4239 1324 4287 maxime
1346 4238 1472 4302 pendeat,
1499 4237 1571 4297 qnod
1590 4234 1756 4298 Aganremno
1777 4239 1892 4297 patiatur
1911 4236 2037 4287 Hecubae
2057 4237 2199 4300 ultionem,
2226 4238 2251 4285 in

567 4324 725 4384 gravissimo
746 4338 834 4374 errore
856 4334 974 4375 versatur
993 4324 1140 4387 Grnppins‚
1161 4308 1205 4386 qui
1221 4322 1382 4373 Graecorum
1400 4304 1533 4385 principle
1553 4333 1641 4385 partes
1665 4336 1711 4384 per
1731 4332 1812 4375 totam
1835 4326 1951 4375 fabulam
1971 4325 2049 4386 piane
2068 4324 2169 4373 olliisas
2191 4336 2254 4373 esse

567 4420 667 4461 censet.
708 4412 808 4474 Grnpp.
829 4413 942 4463 Arladn.
965 4428 991 4474 p.
1011 4404 1093 4461 37Ιὴ
1112 4413 1280 4473 Agamemno
1300 4414 1381 4475 spielt
1399 4414 1518 4462 rollends
1537 4413 1581 4461 die
1599 4414 1744 4473 miissigste
1764 4412 1858 4477 Helle,
1887 4415 1923 4463 irn
1943 4426 2040 4477 ganxen
2061 4413 2142 4463 Stiiclx
2162 4413 2252 4467 batcr

565 4502 653 4551 vreden
678 4501 784 4550 leidend
811 4502 880 4551 nocb
906 4502 1038 4577 bgndeind
1065 4503 1120 4555 dett
1141 4502 1249 4558 reobtep
1278 4503 1393 4551 antbeii.
1433 4502 1525 4563 Neque
1550 4503 1583 4551 ab
1602 4501 1810 4563 Agamemnonis
1837 4506 1922 4566 magis
1941 4517 2020 4567 quarn
2045 4504 2128 4553 Ulixis
2146 4515 2252 4553 morum

565 4590 701 4639 acutione
726 4591 917 4641 Aristotelenm
943 4590 1008 4639 illud
1038 4586 1145 4659 ὁμαλόν
1172 4588 1408 4667 (sibiyconstans,
1428 4597 1499 4651 poet.
1522 4602 1545 4641 a.
1566 4588 1615 4654 lb)
1641 4590 1807 4651 abjudicatis.
1846 4593 1912 4643 Nam
1937 4605 1996 4641 eum
2018 4590 2178 4653 principem,
2205 4590 2252 4653 qul

565 4680 650 4730 semel
670 4678 827 4739 Polyxenam
848 4692 863 4729 a
882 4686 968 4729 morte
986 4680 1082 4729 frustra
1104 4680 1265 4745 defenderit,
1292 4680 1332 4729 rix
1352 4680 1470 4739 opineris
1492 4680 1599 4729 fortiore
1618 4680 1708 4730 animo
1728 4680 1852 4731 Hecubae
1873 4687 1964 4741 postea
1985 4681 2192 4744 subventurum,
2219 4692 2250 4728 ne

564 4769 796 4830 mojorem'etinm
815 4768 948 4817 exercitus
966 4768 1091 4817 invidiam
1112 4769 1165 4818 sibl
1185 4775 1266 4830 paret.

673 4890 707 4952 ²⁸)
721 4872 839 4943 'Sebitler
858 4856 1060 4949 'incleinectrsel
1079 4906 1125 4943 η.
1145 4893 1208 4944 seb.
1229 4907 1257 4943 n.
1279 4892 1310 4944 G.
1331 4893 1378 4957 ΙΙΙ,
1399 4907 1426 4955 p.
1448 4893 1513 4958 86)c
1533 4895 1600 4943 eben
1621 4895 1677 4943 seit
1697 4905 1726 4942 er
1745 4893 1804 4955 (der
1823 4892 2000 4943 dramatlscbe
2019 4892 2138 4957 ilicium)
2158 4894 2251 4943 selnen

441 5025 448 5039 Ι
534 4980 659 5043 ⁴zrrerb
684 4984 714 5031 in
737 4984 779 5033 die
806 4982 958 5043 Pnigennd
978 4980 1224 5048 secundarent,
1252 4997 1283 5034 so
1301 4996 1379 5033 mnes
1397 4996 1458 5033 roan
1479 4985 1533 5033 ihm
1553 4981 1678 5033 erlanben
1699 4982 1749 5031 den
1769 4981 1874 5040 Anfaug
1892 4981 1968 5031 melu
1986 4979 2026 5029 als
2046 4979 2132 5033 blittel
2152 4996 2183 5031 ιιι
2204 4983 2252 5032 be-

565 5070 689 5119 bandetn.
730 5070 819 5135 Quam
841 5072 969 5121 maionem
989 5071 1192 5132 iix-Euripidem
1212 5072 1303 5129 solnm
1322 5072 1453 5132 quadrare
1473 5072 1513 5121 uix
1532 5076 1603 5121 recte
1619 5072 1725 5131 judicat
1741 5069 1894 5129 Bernhardy
1912 5070 1962 5134 (ll,
1983 5085 2010 5131 p.
2030 5070 2106 5134 baa).
2159 5120 2160 5123 ,
