5367 6425
1406 825 1449 890 '22

578 1029 692 1094 tabulis
717 1028 764 1091 rel
794 1029 924 1092 rna-xime
953 1031 1127 1094 insaniisse
1154 1038 1254 1108 patet,
1284 1033 1325 1092 ita
1354 1047 1371 1091 a
1401 1034 1552 1112 gnominis
1580 1034 1806 1112 quidicuntur-
1824 1037 1922 1115 poetis
1943 1038 2123 1116 gratissime
2145 1039 2271 1118 saepius

578 1142 819 1219 commendatur,
839 1142 931 1222 quale
954 1143 1050 1210 habes
1071 1139 1195 1206 Solonis
1216 1140 1346 1222 (fragm.
1371 1143 1410 1205 ts
1435 1141 1577 1226 Dergltt:
1821 1147 1823 1150 ’

1002 1254 1080 1314 ιῖναι
1103 1261 1141 1347 δὲν
1157 1254 1269 1330 ydoneis·
1292 1251 1353 1318 alde
1377 1263 1483 1331 φίλως,
1506 1266 1650 1335 ἐχθροῖσι
1671 1264 1705 1318 δι’
1729 1260 1848 1338 πικρόν,

958 1418 961 1422 .
1001 1377 1079 1426 τοῖσι
1100 1372 1158 1443 μὲν
1179 1372 1306 1438 addolor,
1330 1376 1407 1426 ruine
1430 1373 1465 1424 di
1485 1370 1595 1430 catate
1620 1376 1707 1441 idcir,

580 1488 610 1542 et
629 1480 723 1559 longe
744 1479 885 1542 acerbius
907 1477 1098 1558 Theognidis
1120 1483 1160 1547 (r.
1183 1475 1283 1546 3631:

604 1644 607 1650 a
842 1618 844 1621 ·
1002 1590 1040 1650 ee'
1062 1590 1219 1665 κῷτιὶιι
1241 1589 1293 1651 ru'r·
1317 1591 1453 1670 δχθρόν·
1474 1593 1547 1664 ὅταν
1570 1592 1601 1650 d’
1623 1601 1797 1672 ῦπιχιῐρως
1820 1600 1899 1663 dide.

582 1700 642 1780 (cs.
665 1720 691 1764 tt.
715 1701 824 1771 1⁰89).
1010 1714 1089 1760 ruunt
1108 1724 1157 1758 νιν
1180 1701 1332 1777 πρόφαω
1353 1707 1504 1786 pandum
1527 1712 1664 1778 θέμενος.

750 1811 855 1890 Quare
878 1810 1027 1890 quidquid
1050 1811 1178 1872 molitur
1202 1818 1231 1872 et
1251 1810 1441 1874 machinatur
1458 1812 1487 1872 in
1504 1811 1676 1887 vindictam,
1699 1828 1791 1892 quam
1805 1813 1864 1874 sihi
1880 1812 1976 1874 solam
1991 1816 2115 1891 expetit,
2137 1814 2271 1878 hominis

581 1924 707 2003 perditi,
735 1925 790 1985 ista
820 1924 945 1998 mulier,
976 1939 1055 2000 quae
1077 1929 1158 1983 tanta
1181 1922 1335 1999 patienter
1358 1938 1506 2000 perpessa
1528 1924 1593 2000 jam
1614 1940 1734 1986 summe
1755 1927 1899 1986 concitata
1921 1941 1991 1987 cum
2009 1925 2094 2003 justa
2115 1905 2273 2008 dignitatis

579 2053 653 2099 suae
675 2037 821 2115 opinione
843 2043 907 2097 turn
930 2041 1067 2097 materna
1089 2034 1260 2095 liberorum
1282 2034 1395 2110 pietate
1417 2039 1459 2095 eo
1478 2035 1617 2112 insaniae
1639 2036 1832 2115 propellitur,
1857 2045 1889 2098 ut
1911 2037 1942 2098 in
1965 2036 2037 2099 odio
2060 2044 2089 2098 et
2104 2035 2272 2100 ulciscendi

580 2149 681 2213 studio
710 2155 770 2209 tota
799 2146 898 2209 delira
926 2146 983 2220 sit,
1017 2161 1096 2224 qnae
1125 2160 1221 2223 porro
1255 2143 1365 2206 eodem
1389 2153 1547 2224 tempore,
1580 2162 1642 2230 quo
1666 2166 1701 2211 ea
1724 2149 1908 2220 constantia,
1942 2165 2021 2226 quae
2044 2148 2123 2210 liecti
2146 2147 2273 2226 quidem

580 2277 692 2344 posse,
725 2258 826 2342 frangi
860 2273 1017 2338 nunquam
1049 2272 1142 2340 posse
1173 2256 1327 2331 rideatur,
1361 2259 1511 2318 acerrima
1530 2258 1666 2334 justitiae
1696 2259 1806 2322 vindex
1837 2260 1973 2336 evaserit,
2005 2258 2153 2337 praevidit
2179 2253 2273 2320 'suum

579 2386 717 2452 suaeque
739 2370 850 2431 domus
872 2368 1074 2432 inevitabilem
1097 2383 1230 2446 eumque
1253 2365 1446 2430 horrendum
1468 2367 1622 2432 interitum
1646 2369 1802 2446 luturnm,
1832 2371 1906 2432 haec
1930 2349 2021 2433 utab
2044 2372 2128 2432 omni
2149 2370 2274 2432 bumili-

580 2489 641 2544 tate
662 2482 760 2544 aliena
783 2484 823 2542 ita
846 2460 916 2543 vere
939 2481 1053 2562 tragica
1076 2495 1209 2557 persona
1232 2487 1287 2541 est
1321 2479 1360 2541 ht
1381 2475 1584 2554 Hermannus‚
1607 2497 1703 2562 quum
1725 2469 1807 2544 oculi
1830 2489 1977 2545 eruantur
1992 2483 2109 2544 homini
2124 2482 2273 2544 scelerato

581 2591 696 2672 liliique
725 2593 902 2654 innocentes
932 2591 1138 2670 trucidentur,
1168 2589 1199 2652 id
1228 2590 1346 2652 lacinus
1374 2608 1442 2653 esse
1470 2593 1628 2670 queritur,
1660 2593 1744 2674 quod
1774 2565 1902 2673 quaevis¹
1929 2592 1993 2655 iera
2026 2593 2133 2657 bellica
2162 2601 2272 2678 patret,

581 2704 670 2783 quasi
697 2703 797 2766 minus
825 2704 884 2764 hoc
914 2703 988 2765 terri
1012 2704 1108 2784 possit
1130 2718 1223 2781 quam
1245 2701 1373 2765 Medeae
1395 2702 1471 2765 illud
1495 2685 1666 2786 flagitium!
1710 2701 1799 2784 Quae
1820 2704 1887 2767 dira
1911 2723 2057 2784 perpessa
2080 2713 2142 2780 est,
2172 2703 2272 2767 diram

582 2815 710 2876 instituit
731 2814 902 2876 ultionem:
936 2830 1015 2894 quae
1044 2815 1111 2893 ipsa
1137 2812 1244 2876 liberis
1273 2813 1415 2876 destituta
1445 2823 1505 2889 est,
1539 2813 1781 2895 Polymestoeem
1812 2816 1919 2879 liberis
1949 2817 2011 2880 uult
2039 2816 2180 2891 destitui,
2210 2831 2274 2895 quo

582 2928 681 3010 magis
703 2927 769 3010 ipse
791 2934 985 3001 occaecatus,
1008 2924 1082 3004 quid
1106 2926 1181 2988 illud
1205 2925 1263 3001 sit,
1284 2926 1404 3004 siquis
1426 2926 1557 2988 aliorum
1581 2927 1759 2990 crttdelitate
1783 2926 1887 2990 liberis
1909 2937 2027 3006 careat,
2057 2929 2179 3008 penitus
2202 2942 2275 3004 per·

582 3039 735 3100 sentiscat.
772 3033 833 3100 Sed
856 3036 937 3099 idem
959 3053 986 3098 s.
1008 3037 1039 3098 d.
1062 3054 1156 3118 quum
1181 3035 1262 3100 dicat
1282 3039 1400 3118 tragica
1423 3037 1564 3116 Euripidi
1594 3040 1655 3099 visa
1685 3054 1772 3114 esse,
1799 3057 1878 3120 quae
1909 3039 1984 3102 nihil
2014 3039 2097 3102 aliud
2127 3039 2187 3100 sint
2215 3037 2275 3100 nisi

582 3150 790 3227 detestabilia,
823 3149 921 3235 magis
951 3150 1042 3211 etiam
1073 3150 1158 3229 ejus,
1191 3149 1245 3232 qui
1274 3149 1436 3231 plectitur,
1470 3148 1690 3230 Polymestoris
1722 3151 1859 3215 moribus
1890 3167 1982 3230 quam
2012 3151 2109 3229 ipsius
2132 3148 2273 3213 Hecubae

582 3254 717 3325 offensus
740 3258 813 3325 esti
841 3257 903 3325 Sit:
926 3262 1122 3323 concedimus
1145 3278 1202 3323 nos
1225 3263 1341 3345 tragica
1364 3263 1559 3325 miseratione
1576 3263 1709 3327 hominis
1726 3264 1863 3331 moribus
1880 3280 1939 3324 non
1956 3264 2153 3339 commoveri,
2177 3264 2273 3326 immo

582 3375 724 3453 cupimus
754 3390 824 3437 eum
854 3376 971 3454 puniri,
997 3373 1168 3454 gaudemus
1198 3382 1335 3453 paratam
1365 3375 1536 3436 vindictam.
1590 3376 1628 3436 At
1651 3375 1799 3453 numquid
1823 3376 1948 3436 omnino
1971 3388 2050 3451 opus
2073 3381 2119 3436 ιιι
2142 3390 2175 3437 ιι
2199 3390 2275 3457 erga

581 3485 824 3567 Polymestorem
846 3487 1022 3560 miseratio,
1050 3502 1142 3564 quam
1165 3484 1224 3547 sibi
1246 3487 1340 3548 voluit
1363 3485 1584 3550 dermannus?
1630 3486 1770 3561 Minime,
1795 3487 1905 3548 etenim
1929 3486 2070 3549 Hecubae
2094 3501 2186 3567 quum
2211 3487 2276 3567 pri·

582 3600 696 3661 mariae
719 3607 821 3677 partes
842 3599 902 3660 sint
923 3598 1098 3678 attributae,
1121 3597 1273 3661 secundae
1289 3595 1525 3681 Agamemnoni,
1551 3615 1685 3676 quocum
1710 3578 1841 3660 maxime
1858 3597 1903 3658 illi
1919 3597 2073 3679 agendum
2091 3604 2145 3672 est,
2169 3596 2275 3663 tertiae

459 3755 465 3759 -
581 3709 795 3790 Polymestori,
818 3711 871 3790 qui
895 3712 1009 3788 patitur
1030 3711 1130 3796 magis
1152 3726 1245 3793 quam
1267 3711 1342 3790 agit,
1365 3709 1438 3788 quid
1455 3696 1575 3772 tandem
1593 3708 1807 3787 desideramus
1821 3710 1966 3788 amplius,
1989 3725 2081 3787 quam
2099 3708 2182 3788 quod
2199 3724 2274 3789 erga

584 3821 751 3899 Hecubam,
774 3824 804 3883 in
827 3838 918 3905 quam
941 3822 1096 3905 ingentem
1119 3821 1239 3884 irruere
1261 3821 1399 3883 videmus
1418 3822 1570 3885 malorum
1588 3822 1836 3901 injuriarumque
1852 3822 1977 3900 molem,
2003 3838 2106 3883 reuera
2122 3836 2274 3885 summam

585 3934 812 3995 miserationem
842 3934 991 4015 tragicam
1021 3931 1196 3994 excitaturi
1239 3929 1346 4011 Quare
1377 3934 1467 4023 etiam
1491 3932 1685 3995 Hermannus
1707 3934 1791 4013 quod
1814 3935 1840 3995 vi
1863 3934 1966 4013 aliqua
1989 3934 2183 4025 pronuntiat,
2214 3946 2276 3991 non
2306 3992 2307 3995 ,

584 4044 734 4125 supplicia
766 4046 918 4122 sontium,
946 4044 1001 4108 sed
1031 4044 1110 4106 mala
1139 4045 1306 4105 insontium
1335 4044 1438 4106 uidere
1463 4044 1556 4119 velle,
1586 4046 1638 4125 qui
1668 4046 1698 4105 in
1727 4046 1877 4107 theatrum
1909 4044 2083 4129 tragoedias
2106 4052 2275 4125 spectatum

585 4158 721 4231 veniant,
749 4154 821 4217 dum
850 4164 988 4229 accusat,
1018 4171 1121 4217 nonne
1144 4154 1258 4219 fulcire
1276 4156 1380 4233 potius
1403 4164 1539 4219 nostram
1563 4172 1686 4218 causam
1709 4156 1861 4234 putandus
1885 4155 1955 4218 esti
2000 4155 2065 4217 tilia
2088 4156 2213 4234 quidem
2238 4174 2275 4218 ea

585 4275 630 4328 est
660 4268 815 4355 quaestio,
844 4266 988 4344 placitum
1018 4266 1094 4329 illud
1122 4284 1195 4349 num
1226 4255 1352 4329 o'mniuo
1376 4267 1465 4329 nubis
1487 4268 1637 4349 probatur
1661 4284 1773 4330 necue:
1805 4267 1845 4329 de
1867 4284 1927 4345 qua
1950 4268 1998 4329 hic
2023 4283 2117 4330 unum
2140 4267 2276 4332 indicare

583 4377 685 4456 liceat,
707 4355 803 4454 quod,
825 4378 851 4439 si
873 4378 1023 4456 exempla,
1047 4387 1079 4439 ut
1099 4379 1196 4457 ajunt,
1219 4380 1335 4456 optime
1358 4378 1547 4457 loquuntur,
1572 4394 1608 4439 ex
1630 4356 1840 4441 celeberrimis
1863 4379 1954 4456 petita
1977 4378 2160 4465 tragoediis,
2184 4378 2275 4443 facile

585 4489 654 4567 quis
677 4488 908 4566 demonstrabit,
931 4498 960 4551 et
982 4498 1150 4570 utrumque
1172 4491 1238 4552 lieri
1262 4506 1354 4570 posse
1377 4508 1478 4570 neque
1501 4492 1530 4577 in
1554 4482 1617 4553 urna
1641 4488 1757 4569 labula,
1781 4492 1864 4553 utin
1889 4498 2002 4565 nostra,
2026 4490 2123 4553 altero
2146 4491 2276 4555 alterum

584 4616 714 4678 prorsus
737 4601 869 4664 excludi.
903 4599 1018 4663 Verum
1041 4609 1143 4664 nmen
1166 4601 1345 4665 Aristoteles
1368 4603 1452 4681 qtrod
1475 4620 1537 4665 uon
1561 4604 1675 4665 dehere
1698 4608 1796 4666 matos
1818 4602 1959 4664 homines
1981 4602 2167 4665 ex'aduersis
2183 4592 2277 4667 rebus

585 4712 614 4772 in
638 4711 786 4774 secundas
809 4711 919 4775 deduci
942 4713 1043 4793 docet,
1065 4713 1095 4775 id
1117 4712 1156 4775 ad
1179 4715 1381 4792 principalem
1404 4692 1583 4794 personam,
1606 4717 1636 4777 iu
1661 4715 1750 4792 ctrjtts
1773 4714 1865 4776 rebus
1888 4713 2099 4792 proponendis
2121 4712 2166 4775 vel
2189 4715 2277 4778 unice
2341 4748 2344 4754 ·

584 4824 630 4886 vel
654 4826 785 4887 manime
805 4824 937 4903 alicujus
959 4823 1082 4888 fabulae
1104 4834 1320 4906 argumentum
1343 4835 1491 4902 uersatur,
1514 4826 1613 4888 solam
1636 4816 1832 4888 referendum
1857 4842 1938 4907 esse,
1962 4826 2087 4887 minime
2109 4824 2146 4887 ad
2169 4842 2277 4888 omnes

585 4936 751 5015 quaslibet,
780 4939 834 5016 qui
861 4940 891 4999 in
920 4954 1041 5001 scenam
1070 4935 1241 5017 prodeunt,
1274 4955 1444 5017 personas,
1476 4940 1507 4999 in
1530 4947 1639 5017 aperto
1663 4947 1718 5000 est.
1766 4937 1866 5023 Atque
1885 4939 1949 5023 jam
1974 4939 2046 4999 satis
2068 4938 2277 5021 videturesse

585 5047 668 5126 quod
703 5048 781 5110 hene
813 5066 830 5111 a
861 5058 951 5130 poeta
980 5051 1137 5129 provisum
1167 5057 1228 5125 est,
1262 5058 1295 5112 ut
1323 5050 1417 5111 homo
1449 5048 1603 5123 nefarius,
1638 5067 1731 5131 quem
1761 5049 1836 5112 dolo
1864 5052 2102 5117 circumventum
2125 5050 2191 5117 sine
2215 5050 2277 5117 ulla
