5367 6425
1256 855 1293 918 17

429 1079 525 1142 quum
547 1063 626 1126 absit
646 1061 831 1143 Poiydorus,
852 1063 933 1127 adsit
954 1062 1119 1143 Poiyxena,
1137 1061 1203 1139 jam
1225 1077 1322 1138 quum
1345 1060 1425 1123 iiiiae
1448 1058 1556 1135 iamm,
1577 1061 1669 1139 qbaie
1692 1029 1903 1137 iuturum'sit,
1928 1081 1966 1126 ex
1991 1064 2117 1128 Acbiiiis

429 1173 564 1257 dagitato
587 1172 676 1237 iaeiie
698 1175 765 1237 erui
788 1190 880 1252 posse
904 1173 954 1236 iiia
977 1190 1035 1252 pro
1049 1182 1134 1237 certo
1149 1172 1271 1251 babeat,
1294 1171 1369 1252 quid
1393 1173 1491 1254 magis
1516 1172 1645 1236 naturati
1666 1157 1789 1235 cuidam
1812 1175 1915 1236 sensui
1940 1175 2119 1253 respondet,

430 1297 522 1365 quana
537 1284 622 1365 quod
644 1293 803 1365 postremo
823 1286 864 1348 de
886 1284 1061 1364 Polyxenus
1074 1284 1174 1348 sainte
1187 1299 1311 1345 summo
1325 1299 1444 1362 angore
1459 1284 1632 1361 perculsam
1648 1282 1732 1346 rides
1747 1259 1977 1346 miserrimam?
2010 1282 2116 1364 Qttare

430 1397 487 1459 bac
508 1397 641 1460 duorum
664 1398 858 1460 somniorum
875 1397 1113 1478 consociatione,
1135 1413 1227 1475 quae,
1249 1411 1346 1474 quum
1368 1412 1404 1457 ex
1429 1396 1583 1475 praesenti
1606 1411 1711 1457 rernm
1735 1404 1813 1458 statu
1837 1397 2015 1474 simpitetter
2036 1413 2118 1459 ema·

430 1527 505 1572 nare
534 1508 688 1587 rideatur,
720 1509 795 1571 nibii
825 1525 899 1572 sane
929 1507 1107 1572 offensionis
1140 1507 1284 1586 praebet,
1314 1515 1344 1569 et
1366 1508 1396 1567 in
1419 1507 1537 1570 medias
1559 1523 1610 1570 res
1631 1508 1706 1568 satis
1728 1506 1902 1570 inducimur
1923 1517 1969 1586 et,
1998 1518 2117 1572 remoto

431 1622 516 1684 omni
537 1637 577 1684 ex
600 1637 701 1683 rerum
723 1637 865 1685 connexu
887 1621 1035 1700 arbitrio,
1066 1619 1165 1682 tacitis
1192 1617 1231 1681 ad
1255 1616 1429 1698 Poiyxenne
1452 1633 1502 1680 res
1524 1619 1624 1682 statim
1649 1619 1865 1698 proponendas
1887 1619 1987 1682 aditus
2009 1623 2119 1683 transi·

432 1741 543 1812 iusque
565 1732 691 1795 eiiectus
714 1739 770 1796 est.
808 1767 850 1776 -—
891 1731 928 1795 dt
950 1741 1059 1811 poetae
1077 1731 1195 1810 iudicat
1216 1727 1256 1794 G.
1280 1729 1548 1808 {dermannus‘m
1573 1728 1643 1808 ib),
1672 1733 1913 1808 quaternitatis
1935 1751 1955 1789 a
1976 1730 2123 1810 Potydon‘

431 1863 499 1904 eece
521 1862 645 1904 morans
668 1853 756 1910 uret,
788 1849 914 1906 omnino
936 1842 1103 1906 omittenda
1126 1840 1365 1934 tuisseoomnia,
1389 1857 1469 1922 quae
1490 1841 1528 1904 ad
1551 1839 1739 1922 Polyxenam
1762 1843 1960 1921 pertinerent.
2003 1841 2119 1905 Verum

431 1955 506 2034 quid
538 1956 596 2018 sibi
629 1954 703 2017 iilud
737 1964 942 2018 commentum
976 1953 1064 2018 uuiti‘
1106 1955 1145 2018 Ut
1175 1961 1264 2032 poeta
1292 1953 1392 2031 quiuis
1421 1952 1599 2030 complures
1621 1969 1690 2032 res,
1719 1968 1797 2031 quas
1823 1945 2041 2033 propositurus
2064 1963 2120 2032 est,

430 2067 553 2130 ineunte
575 2064 679 2130 iabuia
701 2065 770 2128 data
792 2082 887 2145 opera
910 2065 1033 2140 indicet,
1055 2082 1129 2128 num
1144 2062 1296 2148 signifero
1313 2062 1502 2139 Hermanno,
1525 2075 1630 2126 revera
1651 2083 1711 2122 coo
1733 2072 1848 2126 tantum
1872 2072 1902 2127 et
1923 2082 1958 2128 ea
1982 2065 2119 2144 quidem,

432 2195 512 2258 quae
540 2178 641 2256 primo
670 2178 739 2241 ioco
762 2186 1041 2257 commemoratur,
1071 2177 1274 2255 proponenda
1298 2176 1371 2251 erit,
1399 2176 1553 2254 retiquae,
1584 2177 1721 2254 quamvis
1743 2192 1805 2237 non
1828 2177 1928 2238 minus
1951 2193 2045 2256 quum
2068 2177 2119 2243 itta

432 2297 542 2370 poetae
564 2290 693 2352 consitio
716 2290 889 2365 inserviant,
911 2287 1121 2352 omittendae?
1164 2287 1256 2351 linito
1280 2294 1387 2367 pacto:
1411 2297 1582 2366 sequuntur
1604 2286 1751 2366 deinceps
1773 2304 1835 2365 res,
1858 2304 2016 2367 quaequae
2040 2296 2119 2364 sunt,

433 2417 471 2464 eo
493 2400 612 2478 ordine,
634 2402 688 2480 qui
710 2400 835 2483 quidem
858 2402 989 2463 maxine
1012 2399 1197 2479 respondeat
1217 2399 1315 2478 ipsius
1336 2406 1448 2477 poene
1471 2400 1643 2478 proposito.
1675 2398 1794 2462 tamid
1818 2399 1919 2477 ipsum
1942 2415 2016 2462 uum
2031 2400 2121 2462 nobis

432 2512 560 2592 probari
574 2513 682 2591 possit,
703 2529 809 2588 necne,
831 2513 890 2574 atta
913 2514 1052 2591 quaestio
1076 2520 1132 2588 est,
1155 2528 1235 2590 quae
1257 2509 1338 2573 band
1361 2525 1435 2572 sane
1458 2527 1495 2572 ex
1517 2510 1627 2588 primis
1649 2508 1772 2574 inbutae
1794 2510 1893 2572 menis
1907 2509 1960 2572 sed
1977 2527 2014 2572 ex
2029 2511 2121 2573 totius

433 2625 561 2687 actionis
590 2624 721 2687 decursu
743 2623 938 2702 diiudicanda
965 2623 1013 2685 sit.
1059 2623 1105 2684 bu
1136 2623 1296 2702 putaverit,
1325 2630 1358 2686 ut
1380 2622 1557 2701 exetupium
1579 2621 1708 2696 addam,
1736 2623 1782 2683 vir
1804 2637 1961 2700 summus,
1992 2637 2058 2684 eam
2081 2621 2121 2684 ob
2214 2662 2216 2666 -

433 2751 572 2811 causam,
604 2737 688 2815 quod
722 2738 752 2798 in
787 2737 895 2815 primis
928 2734 1143 2817 Lessingianae
1165 2733 1301 2796 ‘Emiiiae
1331 2729 1473 2797 Gaiottae
1503 2734 1603 2795 scenis
1632 2733 1766 2811 primum
1795 2749 1875 2811 quae
1903 2733 1941 2796 ud
1964 2731 2121 2806 Orsinam,

406 2845 544 2911 'deinde
571 2865 651 2927 quae
677 2847 716 2911 ad
746 2847 888 2910 Emittam
920 2848 1073 2926 pertinent
1103 2863 1153 2909 res
1181 2845 1372 2921 indicentur,
1403 2847 1504 2908 statim
1533 2846 1673 2923 sequenti
1701 2846 1819 2908 actione
1851 2841 1982 2907 Orsinae
2004 2853 2120 2907 sortem

372 2975 378 2983 ·
432 2956 667 3039 proponendam
690 2957 796 3034 inisse,
819 2958 938 3038 reliqua
960 2974 1093 3038 prorsus
1114 2955 1315 3036 abjicienda?
1351 2989 1392 3000 -
1436 2953 1498 3020 Sed
1522 2957 1623 3038 pergit
1645 2953 1838 3019 Hermannus
1868 2961 1915 3035 (p.
1942 2954 2007 3032 tu),
2032 2955 2121 3017 Ereri-

433 3069 522 3149 pides
552 3087 646 3149 quum
675 3073 849 3138 semisses..
860 3069 1067 3151 negligentius
1095 3085 1130 3132 se
1151 3069 1228 3132 duas
1249 3083 1299 3133 res
1321 3069 1353 3130 in
1375 3084 1472 3132 uuum
1494 3068 1645 3144 nuntiare,
1674 3067 1799 3149 protogi
1824 3077 1951 3130 munere
1973 3066 2120 3147 Polydori

433 3182 562 3246 umbrae
583 3182 728 3247 attributo
751 3180 891 3256 (t-eu)
921 3181 960 3246 ab
984 3197 1021 3245 eo
1043 3188 1166 3245 cantum
1190 3173 1277 3261 es'se,
1306 3197 1345 3245 ue
1371 3195 1503 3261 prorsus
1532 3180 1741 3258 inexpectatae
1770 3179 1907 3242 venirent
1932 3195 1981 3242 res
2004 3195 2122 3258 propo·

434 3294 562 3357 nendae.
606 3292 712 3358 Gravis
740 3294 816 3356 baec
845 3293 1036 3365 criminatio,
1071 3292 1165 3356 modo
1192 3294 1350 3369 eiicere,
1382 3308 1484 3372 neque
1513 3291 1683 3355 laudandus
1706 3289 1868 3373 Piiugixius
1890 3289 1973 3370 quud
1996 3290 2120 3372 prologi

434 3406 571 3485 partibus
594 3407 721 3469 nimium
744 3405 850 3469 tribuit
871 3404 963 3480 (Hoc.
987 3404 1048 3483 pet.
1074 3403 1142 3478 ll).
1179 3404 1219 3467 tt
1239 3405 1270 3468 id
1293 3412 1377 3468 certe
1399 3412 1528 3482 constat,
1551 3402 1645 3467 modo
1667 3410 1750 3466 recte
1773 3402 1839 3480 ipsa
1862 3404 1941 3465 actio
1963 3400 2120 3481 procedat,

434 3517 477 3580 nii
505 3517 605 3580 natare
633 3516 672 3579 ad
697 3517 917 3581 aestimandam
941 3515 1066 3581 inbutae
1087 3518 1218 3597 aiicujus
1239 3517 1517 3596 compositionem,
1547 3514 1697 3597 prologus
1719 3529 1793 3576 num
1816 3515 1875 3592 ipsi
1897 3513 2009 3576 actioni
2031 3528 2122 3591 prae·

434 3629 568 3707 scriptus
589 3632 628 3691 sit
649 3646 705 3691 nec
728 3645 777 3692 ne.
820 3628 936 3709 Atque,
967 3644 1063 3709 quum
1097 3628 1189 3692 modo
1217 3628 1472 3702 indicaverimus,
1502 3627 1599 3705 ipsius
1619 3626 1747 3688 actionis
1768 3625 1854 3687 initio
1878 3624 1916 3687 de
1940 3622 2029 3686 rebus
2052 3629 2122 3684 aute

326 3808 331 3815 ,
434 3739 542 3814 neuim
572 3740 763 3819 exponendis
792 3742 866 3804 satis
891 3741 982 3803 rerba
1012 3739 1124 3805 iecisse
1154 3740 1353 3820 Euripidem,
1383 3740 1507 3822 grauius
1531 3738 1596 3817 jann
1620 3738 1784 3819 injungere
1806 3744 1835 3798 et
1858 3751 2001 3815 premere
2022 3733 2122 3807 iiceat,

390 3898 393 3901 -
437 3852 553 3915 ebamsi
587 3852 753 3933 protognm
786 3852 952 3929 deieceris,
985 3854 1103 3931 quippe
1131 3853 1185 3932 qui
1217 3868 1287 3915 cum
1319 3854 1388 3931 ipsa
1419 3850 1579 3933 tragoedia
1606 3849 1692 3913 nuiio
1720 3846 1840 3911 vincuio
1871 3847 2051 3925 conjunctus
2073 3848 2124 3924 sit,

435 3973 651 4045 argumentum
673 3962 797 4027 tabutae
817 3964 953 4043 perbene
975 3963 1107 4046 iuteiiigi
1128 3973 1221 4045 atque
1242 3961 1422 4044 pereipt,²²)
1445 3971 1491 4043 ut,
1514 3964 1540 4025 si
1562 3961 1691 4037 deesset,
1715 3960 1841 4023 minime
1863 3959 2087 4038 requireretur.

603 4075 671 4137 iam
694 4092 777 4156 sero,
800 4076 827 4138 si
848 4076 889 4139 de
911 4084 1021 4156 poetae
1041 4076 1172 4139 consitio
1193 4092 1287 4155 supra
1310 4084 1392 4139 recte
1413 4074 1569 4153 diximus,
1593 4088 1697 4137 rerum
1720 4071 1904 4149 compositio
1927 4070 1967 4133 ita
1989 4070 2124 4132 instituta

435 4193 494 4264 est,
517 4188 600 4250 utin
624 4187 766 4252 Hecubae
787 4187 903 4251 uitione
924 4188 1019 4251 cardo
1038 4197 1131 4268 atque
1153 4188 1221 4251 duis
1243 4186 1422 4270 tragoediae
1446 4194 1588 4249 cernatur
1612 4172 1807 4247 accessesit
1851 4184 1894 4245 Ea
1916 4184 2021 4265 igitur,
2044 4197 2125 4261 quae

544 4471 577 4527 ”t
595 4472 672 4523 Ceut.
686 4473 809 4534 Lessing.
823 4474 912 4523 brem.
925 4472 1027 4523 Ramb.
1040 4472 1084 4523 te.
1119 4472 1157 4523 iie
1177 4473 1294 4535 protegis
1313 4471 1480 4535 Euripideis,
1504 4480 1587 4531 quum
1607 4481 1621 4519 ι
1641 4470 1707 4518 siris
1727 4469 1813 4518 doctis
1833 4468 2004 4518 muttiteriam
2025 4467 2124 4527 dispu-

436 4566 519 4610 tetum
540 4562 583 4624 sit,
606 4572 699 4624 unum,
721 4562 805 4624 qnod,
829 4560 890 4611 ticet
903 4561 1091 4621 gravissimum
1106 4562 1234 4625 rideatur,
1255 4566 1343 4611 tarnen
1358 4573 1410 4610 non
1425 4563 1492 4611 satis
1508 4563 1636 4621 quantum
1652 4557 1738 4622 video,
1758 4560 1792 4608 iis
1807 4557 1946 4617 probatum
1960 4562 2010 4615 est,
2032 4557 2125 4616 paneis

435 4650 595 4699 monuerim.
634 4651 702 4700 Nam
720 4650 747 4700 in
766 4660 798 4699 ee
818 4654 890 4700 recte
911 4650 1034 4700 sensisse
1048 4652 1181 4711 puteudns
1200 4649 1251 4699 erit
1262 4648 1431 4713 Lessingins‚
1451 4648 1522 4711 quod
1546 4644 1713 4708 Euripidem,
1734 4656 1816 4707 quum
1838 4644 1964 4706 prologos
1985 4643 2123 4707 inveniret,

436 4737 462 4785 id
483 4739 623 4798 praecipue
649 4738 702 4787 sibi
728 4740 907 4799 proposuisse
925 4738 1064 4802 observat,
1091 4744 1121 4787 ut
1139 4739 1181 4787 bie
1199 4738 1267 4798 ipsis
1287 4751 1317 4788 se
1337 4750 1390 4787 non
1412 4745 1463 4788 ιιιιι
1487 4738 1593 4789 tabutas
1613 4743 1783 4797 argumento,
1811 4746 1891 4796 quam
1911 4746 1996 4783 rernm
2017 4732 2126 4795 exposi-

435 4824 523 4886 tione,
548 4825 720 4889 tractatione,
746 4826 941 4886 compositione
960 4827 1014 4876 viru
1033 4838 1093 4876 rere
1113 4828 1237 4887 tragicam
1256 4828 1364 4888 assequi
1384 4826 1518 4877 indiceret
1537 4825 1742 4887 spectatoribus.
1779 4823 1828 4872 Cui
1849 4824 1956 4884 quidem
1977 4816 2124 4871 s'ententtee

435 4910 611 4973 Sebiegeiium
632 4911 826 4979 (tiramvori.
845 4916 868 4980 t,
889 4928 915 4977 p.
929 4914 999 4983 215)
1021 4923 1112 4965 notum
1131 4920 1174 4965 est
1191 4915 1334 4978 obiecisse,
1356 4916 1569 4975 expectationem
1592 4914 1678 4976 ipsam
1698 4914 1724 4962 in
1745 4914 1838 4973 quevis
1857 4910 1946 4961 inbuta
1969 4910 2038 4961 baud
2059 4910 2125 4961 teris

435 5014 496 5052 esse
517 5004 655 5075 momenti.
691 5003 728 5053 ts
746 5016 780 5053 ne
801 5008 852 5055 boe
873 5005 984 5067 quidem
1004 5005 1149 5068 praetracte
1167 4996 1271 5065 ne'gaett
1287 5004 1419 5070 Lessing,
1449 5007 1512 5070 qni,
1541 5016 1624 5067 quarn
1648 5010 1718 5053 reete
1734 5002 1868 5063 iudicaret
1887 5012 1975 5050 rerem
1998 5006 2125 5061 expects·

434 5094 532 5142 donem
551 5092 647 5141 cedere
666 5094 691 5142 in
711 5105 800 5143 rerunt
816 5095 1013 5159 usetsttonem,
1032 5109 1085 5145 non
1097 5094 1125 5145 in
1139 5096 1215 5155 ipses
1228 5107 1281 5158 res,
1302 5096 1406 5157 emgte
1421 5096 1555 5159 observat,
1576 5092 1707 5153 teteqnid
1722 5090 1839 5153 prologis
1854 5088 1973 5141 indicare
1989 5096 2120 5152 nostram,

1769 5194 1788 5258 3
1840 5190 1851 5201 .
